<?xml version="1.0" ?><OAI-PMH xmlns="http://www.openarchives.org/OAI/2.0/" xmlns:xsi="http://www.w3.org/2001/XMLSchema-instance" xsi:schemaLocation="http://www.openarchives.org/OAI/2.0/ http://www.openarchives.org/OAI/2.0/OAI-PMH.xsd">
  <responseDate>2024-11-20T18:24:49Z</responseDate>
  <request resumptionToken="1900-01-01@all@UNIGE_ALL@marc21@5986472570005502" verb="ListRecords">https://slsp-unige.alma.exlibrisgroup.com/view/oai/41SLSP_UGE/request</request>
<ListRecords><record><header><identifier>oai:alma.41SLSP_UGE:991000032349705502</identifier><datestamp>2023-04-08T00:15:52Z</datestamp><setSpec>uge_bcen_RapidILL_BOOK</setSpec><setSpec>uge_aaca_RapidILL_BOOK</setSpec><setSpec>uge_abels_RapidILL_BOOK</setSpec><setSpec>uge_dbu_RapidILL_BOOK</setSpec><setSpec>uge_cmu_RapidILL_BOOK</setSpec><setSpec>uge_mail_RapidILL_BOOK</setSpec><setSpec>uge_abbat_RapidILL_BOOK</setSpec><setSpec>UNIGE_ALL</setSpec><setSpec>uge_aobs_RapidILL_BOOK</setSpec><setSpec>uge_acar_RapidILL_BOOK</setSpec></header><metadata>
<record xmlns="http://www.loc.gov/MARC21/slim" xmlns:xsi="http://www.w3.org/2001/XMLSchema-instance" xsi:schemaLocation="http://www.loc.gov/MARC21/slim http://www.loc.gov/standards/marcxml/schema/MARC21slim.xsd"><leader>01355nam a2200349 c 4500</leader><controlfield tag="001">991000032349705502</controlfield><controlfield tag="005">20230407144831.0</controlfield><controlfield tag="008">120711s1980    ja ||||| |||| 00| ||jpn d</controlfield><datafield ind1=" " ind2=" " tag="035"><subfield code="a">(swissbib)116167769-41slsp_network</subfield></datafield><datafield ind1=" " ind2=" " tag="035"><subfield code="a">116167769</subfield><subfield code="9">ExL</subfield></datafield><datafield ind1=" " ind2=" " tag="035"><subfield code="a">(RERO)R007102517-41slsp</subfield></datafield><datafield ind1=" " ind2=" " tag="035"><subfield code="a">(EXLNZ-41SLSP_NETWORK)991069479269705501</subfield></datafield><datafield ind1=" " ind2=" " tag="040"><subfield code="a">DLC</subfield><subfield code="d">CH-ZuSLS</subfield></datafield><datafield ind1="0" ind2="4" tag="050"><subfield code="a">QB351</subfield><subfield code="b">.A7</subfield></datafield><datafield ind1=" " ind2="7" tag="072"><subfield code="a">as</subfield><subfield code="2">rero</subfield></datafield><datafield ind1="1" ind2=" " tag="100"><subfield code="6">880-01</subfield><subfield code="a">Araki, Toschima</subfield><subfield code="d">1897-1978</subfield><subfield code="0">(IDREF)163698708</subfield><subfield code="4">cre</subfield></datafield><datafield ind1="0" ind2=" " tag="880"><subfield code="6">100-01/$1</subfield><subfield code="a">荒木俊馬</subfield><subfield code="d">1897-1978</subfield></datafield><datafield ind1="1" ind2="0" tag="245"><subfield code="6">880-02</subfield><subfield code="a">Tentai rikigaku</subfield><subfield code="c">Araki Toshima cho</subfield></datafield><datafield ind1="1" ind2="0" tag="880"><subfield code="6">245-02/$1</subfield><subfield code="a">天體力學</subfield><subfield code="c">荒木俊馬著</subfield></datafield><datafield ind1=" " ind2="1" tag="264"><subfield code="6">880-03</subfield><subfield code="a">Tōkyō</subfield><subfield code="b">Kōseisha</subfield><subfield code="c">Shōwa 55 [1980]</subfield></datafield><datafield ind1=" " ind2="1" tag="880"><subfield code="6">264-03/$1</subfield><subfield code="a">東京</subfield><subfield code="b">恒星社</subfield><subfield code="c">昭和55 [1980]</subfield></datafield><datafield ind1=" " ind2=" " tag="300"><subfield code="a">xxiii, 404 p.</subfield><subfield code="b">ill., port.</subfield><subfield code="c">27 cm</subfield></datafield><datafield ind1=" " ind2=" " tag="336"><subfield code="b">txt</subfield><subfield code="2">rdacontent</subfield></datafield><datafield ind1=" " ind2=" " tag="337"><subfield code="b">n</subfield><subfield code="2">rdamedia</subfield></datafield><datafield ind1=" " ind2=" " tag="338"><subfield code="b">nc</subfield><subfield code="2">rdacarrier</subfield></datafield><datafield ind1=" " ind2=" " tag="500"><subfield code="a">Added t.p.: Mécanique céleste</subfield></datafield><datafield ind1=" " ind2=" " tag="500"><subfield code="a">Errata slip inserted</subfield></datafield><datafield ind1=" " ind2=" " tag="504"><subfield code="a">Includes bibliographical references and indexes</subfield></datafield><datafield ind1=" " ind2="0" tag="650"><subfield code="a">Celestial mechanics</subfield></datafield><datafield ind1=" " ind2="7" tag="650"><subfield code="a">Astrométrie</subfield><subfield code="0">(IDREF)027391000</subfield><subfield code="2">idref</subfield></datafield><datafield ind1=" " ind2="7" tag="650"><subfield code="a">Mécanique céleste</subfield><subfield code="0">(IDREF)027392716</subfield><subfield code="2">idref</subfield></datafield><datafield ind1=" " ind2=" " tag="900"><subfield code="a">REROnoselfmerge</subfield></datafield><datafield ind1=" " ind2=" " tag="910"><subfield code="a">OCoLC</subfield><subfield code="b">20120711</subfield><subfield code="c">Droits réservés</subfield></datafield></record>
</metadata></record>