<record><header><identifier>oai:alma.41SLSP_UGE:991000032559705502</identifier><datestamp>2023-03-01T01:08:55Z</datestamp><setSpec>uge_bcen_RapidILL_BOOK</setSpec><setSpec>uge_aaca_RapidILL_BOOK</setSpec><setSpec>uge_abels_RapidILL_BOOK</setSpec><setSpec>uge_dbu_RapidILL_BOOK</setSpec><setSpec>uge_cmu_RapidILL_BOOK</setSpec><setSpec>uge_mail_RapidILL_BOOK</setSpec><setSpec>UNIGE_ALL</setSpec><setSpec>uge_abbat_RapidILL_BOOK</setSpec><setSpec>uge_acar_RapidILL_BOOK</setSpec><setSpec>uge_aobs_RapidILL_BOOK</setSpec></header><metadata>
<record xmlns="http://www.loc.gov/MARC21/slim" xmlns:xsi="http://www.w3.org/2001/XMLSchema-instance" xsi:schemaLocation="http://www.loc.gov/MARC21/slim http://www.loc.gov/standards/marcxml/schema/MARC21slim.xsd"><leader>01613nam a2200409 c 4500</leader><controlfield tag="001">991000032559705502</controlfield><controlfield tag="005">20201231110957.0</controlfield><controlfield tag="008">201012s1984    sz ||||| |||| 00| ||eng d</controlfield><datafield ind1=" " ind2=" " tag="020"><subfield code="a">9241540915</subfield></datafield><datafield ind1=" " ind2=" " tag="035"><subfield code="a">(swissbib)239391292-41slsp_network</subfield></datafield><datafield ind1=" " ind2=" " tag="035"><subfield code="a">239391292</subfield><subfield code="9">ExL</subfield></datafield><datafield ind1=" " ind2=" " tag="035"><subfield code="a">(RERO)1293045-41slsp</subfield></datafield><datafield ind1=" " ind2=" " tag="035"><subfield code="a">(NEBIS)000326771EBI01</subfield></datafield><datafield ind1=" " ind2=" " tag="035"><subfield code="a">(EXLNZ-41SLSP_NETWORK)991069800299705501</subfield></datafield><datafield ind1=" " ind2=" " tag="040"><subfield code="a">RERO geuceh</subfield><subfield code="d">CH-ZuSLS</subfield></datafield><datafield ind1=" " ind2=" " tag="044"><subfield code="a">sz</subfield><subfield code="c">ch-ge</subfield></datafield><datafield ind1=" " ind2="7" tag="072"><subfield code="a">ch</subfield><subfield code="2">rero</subfield></datafield><datafield ind1="0" ind2="4" tag="082"><subfield code="a">615.9512</subfield><subfield code="2">19</subfield></datafield><datafield ind1="0" ind2="0" tag="245"><subfield code="a">Tetrachloroethylene</subfield></datafield><datafield ind1=" " ind2="1" tag="264"><subfield code="a">Geneva</subfield><subfield code="b">World Health Organization</subfield><subfield code="c">1984</subfield></datafield><datafield ind1=" " ind2=" " tag="300"><subfield code="a">48 p.</subfield><subfield code="b">ill.</subfield><subfield code="c">21 cm</subfield></datafield><datafield ind1=" " ind2=" " tag="336"><subfield code="b">txt</subfield><subfield code="2">rdacontent</subfield></datafield><datafield ind1=" " ind2=" " tag="337"><subfield code="b">n</subfield><subfield code="2">rdamedia</subfield></datafield><datafield ind1=" " ind2=" " tag="338"><subfield code="b">nc</subfield><subfield code="2">rdacarrier</subfield></datafield><datafield ind1="1" ind2=" " tag="490"><subfield code="a">Environmental health criteria</subfield><subfield code="v">31</subfield></datafield><datafield ind1=" " ind2="7" tag="650"><subfield code="a">Kongress</subfield><subfield code="0">(DE-588)4130470-6</subfield><subfield code="2">gnd</subfield></datafield><datafield ind1=" " ind2="7" tag="650"><subfield code="a">Toxizität</subfield><subfield code="0">(DE-588)4078372-8</subfield><subfield code="2">gnd</subfield></datafield><datafield ind1=" " ind2="0" tag="650"><subfield code="a">Tetrachloroethylene</subfield><subfield code="x">Environmental aspects</subfield></datafield><datafield ind1=" " ind2="0" tag="650"><subfield code="a">Tetrachloroethylene</subfield><subfield code="x">Physiological effect</subfield></datafield><datafield ind1=" " ind2="0" tag="650"><subfield code="a">Tetrachloroethylene</subfield><subfield code="x">Toxicology</subfield></datafield><datafield ind1=" " ind2="7" tag="650"><subfield code="a">CHLORTRIFLUORETHEN + TETRACHLORETHEN (ALIPHATISCHE POLYHALOGENIERTE KOHLENWASSERSTOFFE)</subfield><subfield code="9">ger</subfield><subfield code="0">(ETHUDK)000018255</subfield><subfield code="2">ethudk</subfield></datafield><datafield ind1=" " ind2="7" tag="650"><subfield code="a">HALOGENIERTE ORGANISCHE UMWELTSCHADSTOFFE</subfield><subfield code="9">ger</subfield><subfield code="0">(ETHUDK)000046173</subfield><subfield code="2">ethudk</subfield></datafield><datafield ind1=" " ind2="7" tag="650"><subfield code="a">SCHADSTOFFBELASTUNG AUF DEN MENSCHEN (UMWELTMEDIZIN)</subfield><subfield code="9">ger</subfield><subfield code="0">(ETHUDK)000012459</subfield><subfield code="2">ethudk</subfield></datafield><datafield ind1=" " ind2="7" tag="650"><subfield code="a">XENOBIOTIKA + XENOBIOTIKAMETABOLISMUS</subfield><subfield code="9">ger</subfield><subfield code="0">(ETHUDK)000026059</subfield><subfield code="2">ethudk</subfield></datafield><datafield ind1=" " ind2=" " tag="690"><subfield code="a">Tetrachlorethylen</subfield><subfield code="2">uzb-Z9</subfield></datafield><datafield ind1=" " ind2=" " tag="830"><subfield code="a">Environmental health criteria</subfield><subfield code="v">31</subfield><subfield code="w">(RERO)0823255-41slsp</subfield></datafield><datafield ind1=" " ind2=" " tag="830"><subfield code="a">Environmental health criteria</subfield><subfield code="v">31</subfield><subfield code="w">(NEBIS)000546184EBI01</subfield></datafield><datafield ind1=" " ind2=" " tag="900"><subfield code="a">REROnoselfmerge</subfield></datafield></record>
</metadata></record>