<record><header><identifier>oai:alma.41SLSP_UGE:991000032029705502</identifier><datestamp>2023-03-01T01:08:55Z</datestamp><setSpec>uge_bcen_RapidILL_BOOK</setSpec><setSpec>uge_aaca_RapidILL_BOOK</setSpec><setSpec>uge_abels_RapidILL_BOOK</setSpec><setSpec>uge_dbu_RapidILL_BOOK</setSpec><setSpec>uge_cmu_RapidILL_BOOK</setSpec><setSpec>uge_mail_RapidILL_BOOK</setSpec><setSpec>UNIGE_ALL</setSpec><setSpec>uge_abbat_RapidILL_BOOK</setSpec><setSpec>uge_aobs_RapidILL_BOOK</setSpec><setSpec>uge_acar_RapidILL_BOOK</setSpec></header><metadata>
<record xmlns="http://www.loc.gov/MARC21/slim" xmlns:xsi="http://www.w3.org/2001/XMLSchema-instance" xsi:schemaLocation="http://www.loc.gov/MARC21/slim http://www.loc.gov/standards/marcxml/schema/MARC21slim.xsd"><leader>01703nam a2200469uc 4500</leader><controlfield tag="001">991000032029705502</controlfield><controlfield tag="005">20201231121025.0</controlfield><controlfield tag="008">201011s1999    gw     |      00| ||ger|d</controlfield><datafield ind1=" " ind2=" " tag="020"><subfield code="a">3498065343</subfield></datafield><datafield ind1="7" ind2=" " tag="024"><subfield code="a">http://catalogue.bnf.fr/ark:/12148/cb377316858</subfield><subfield code="2">uri</subfield></datafield><datafield ind1=" " ind2=" " tag="035"><subfield code="a">(swissbib)231655959-41slsp_network</subfield></datafield><datafield ind1=" " ind2=" " tag="035"><subfield code="a">231655959</subfield><subfield code="9">ExL</subfield></datafield><datafield ind1=" " ind2=" " tag="035"><subfield code="a">(NEBIS)002055590EBI01</subfield></datafield><datafield ind1=" " ind2=" " tag="035"><subfield code="a">(IDSBB)001616984DSV01</subfield></datafield><datafield ind1=" " ind2=" " tag="035"><subfield code="a">(RERO)R248457960-41slsp</subfield></datafield><datafield ind1=" " ind2=" " tag="035"><subfield code="a">(EXLNZ-41SLSP_NETWORK)991103809579705501</subfield></datafield><datafield ind1=" " ind2=" " tag="040"><subfield code="a">ZBZ</subfield><subfield code="b">ger</subfield><subfield code="e">ETHICS-ISBD</subfield><subfield code="d">CH-ZuSLS</subfield></datafield><datafield ind1=" " ind2="7" tag="072"><subfield code="a">nd</subfield><subfield code="2">SzZuIDS BS/BE</subfield></datafield><datafield ind1=" " ind2="7" tag="072"><subfield code="a">al</subfield><subfield code="2">rero</subfield></datafield><datafield ind1="0" ind2="0" tag="082"><subfield code="a">838/.91209</subfield><subfield code="2">21</subfield></datafield><datafield ind1="0" ind2="4" tag="082"><subfield code="a">838/.91209 21</subfield><subfield code="2">22ger</subfield></datafield><datafield ind1="0" ind2="4" tag="082"><subfield code="a">838 .91209</subfield><subfield code="2">21</subfield></datafield><datafield ind1="1" ind2="4" tag="082"><subfield code="a">838.912 09</subfield><subfield code="2">22</subfield></datafield><datafield ind1="1" ind2="4" tag="082"><subfield code="a">830</subfield><subfield code="2">15</subfield></datafield><datafield ind1=" " ind2=" " tag="084"><subfield code="a">B</subfield><subfield code="2">sdnb</subfield></datafield><datafield ind1=" " ind2=" " tag="084"><subfield code="a">GM 6325</subfield><subfield code="2">rvk</subfield></datafield><datafield ind1="1" ind2=" " tag="100"><subfield code="a">Tucholsky, Kurt</subfield><subfield code="d">1890-1935</subfield><subfield code="0">(IDREF)027446867</subfield><subfield code="4">cre</subfield></datafield><datafield ind1="1" ind2="0" tag="245"><subfield code="a">Texte 1921-1922</subfield><subfield code="c">hrsg. von Roland und Elfriede Links</subfield></datafield><datafield ind1=" " ind2="1" tag="264"><subfield code="a">[Erscheinungsort nicht ermittelbar]</subfield><subfield code="b">[Verlag nicht ermittelbar]</subfield><subfield code="c">1999</subfield></datafield><datafield ind1=" " ind2=" " tag="300"><subfield code="a">982 p.</subfield><subfield code="b">ill.</subfield><subfield code="c">22 cm</subfield></datafield><datafield ind1=" " ind2=" " tag="336"><subfield code="b">txt</subfield><subfield code="2">rdacontent</subfield></datafield><datafield ind1=" " ind2=" " tag="337"><subfield code="b">n</subfield><subfield code="2">rdamedia</subfield></datafield><datafield ind1=" " ind2=" " tag="338"><subfield code="b">nc</subfield><subfield code="2">rdacarrier</subfield></datafield><datafield ind1="1" ind2=" " tag="490"><subfield code="a">Gesamtausgabe / Kurt Tucholsky</subfield><subfield code="v">Band 5</subfield></datafield><datafield ind1="1" ind2="7" tag="600"><subfield code="a">Tucholsky, Kurt</subfield><subfield code="d">1890-1935</subfield><subfield code="0">(DE-588)11862444X</subfield><subfield code="2">gnd</subfield></datafield><datafield ind1="1" ind2="0" tag="600"><subfield code="a">Tucholsky, Kurt</subfield><subfield code="d">1890-1935</subfield></datafield><datafield ind1=" " ind2="0" tag="650"><subfield code="a">German literature</subfield><subfield code="y">20th century</subfield></datafield><datafield ind1=" " ind2="0" tag="651"><subfield code="a">Germany</subfield><subfield code="x">History</subfield><subfield code="y">1918-1933</subfield><subfield code="v">Fiction</subfield></datafield><datafield ind1="1" ind2=" " tag="700"><subfield code="a">Links, Roland</subfield><subfield code="d">19..-....</subfield><subfield code="0">(IDREF)079301509</subfield></datafield><datafield ind1="1" ind2=" " tag="800"><subfield code="a">Tucholsky, Kurt</subfield><subfield code="d">1890-1935</subfield><subfield code="t">Gesamtausgabe Texte und Briefe</subfield><subfield code="v">5</subfield><subfield code="w">(IDSBB)001323794DSV01</subfield></datafield><datafield ind1="1" ind2=" " tag="800"><subfield code="a">Tucholsky, Kurt</subfield><subfield code="d">1890-1935</subfield><subfield code="t">Werke</subfield><subfield code="v">5</subfield><subfield code="w">(NEBIS)001688456EBI01</subfield></datafield><datafield ind1="1" ind2=" " tag="800"><subfield code="a">Tucholsky, Kurt</subfield><subfield code="d">1890-1935</subfield><subfield code="t">Gesamtausgabe</subfield><subfield code="v">5</subfield><subfield code="w">(RERO)R215971860-41slsp</subfield></datafield><datafield ind1=" " ind2=" " tag="900"><subfield code="a">REROnoselfmerge</subfield></datafield></record>
</metadata></record>