<record><header><identifier>oai:alma.41SLSP_UGE:991000032759705502</identifier><datestamp>2024-10-24T00:07:03Z</datestamp><setSpec>uge_bcen_RapidILL_BOOK</setSpec><setSpec>uge_aaca_RapidILL_BOOK</setSpec><setSpec>uge_abels_RapidILL_BOOK</setSpec><setSpec>uge_dbu_RapidILL_BOOK</setSpec><setSpec>uge_cmu_RapidILL_BOOK</setSpec><setSpec>uge_mail_RapidILL_BOOK</setSpec><setSpec>uge_abbat_RapidILL_BOOK</setSpec><setSpec>UNIGE_ALL</setSpec><setSpec>uge_acar_RapidILL_BOOK</setSpec><setSpec>uge_aobs_RapidILL_BOOK</setSpec></header><metadata>
<record xmlns="http://www.loc.gov/MARC21/slim" xmlns:xsi="http://www.w3.org/2001/XMLSchema-instance" xsi:schemaLocation="http://www.loc.gov/MARC21/slim http://www.loc.gov/standards/marcxml/schema/MARC21slim.xsd"><leader>05889nam a2201033 c 4500</leader><controlfield tag="001">991000032759705502</controlfield><controlfield tag="005">20241023081909.0</controlfield><controlfield tag="008">201012s2002    gw ||||| |||| 10| ||ger d</controlfield><datafield ind1=" " ind2=" " tag="015"><subfield code="a">GFR-CIP-02,N09</subfield><subfield code="a">DNB-02,N09,0293</subfield></datafield><datafield ind1=" " ind2=" " tag="019"><subfield code="a">Notices analytiques</subfield><subfield code="5">RERO/iftflu/04.2016</subfield></datafield><datafield ind1=" " ind2=" " tag="020"><subfield code="a">3504655135</subfield><subfield code="q">Schmidt</subfield><subfield code="c">brosch. : EUR 29.80, sfr 51.00</subfield></datafield><datafield ind1=" " ind2=" " tag="020"><subfield code="a">3725543461</subfield><subfield code="q">Schulthess</subfield><subfield code="c">brosch. : EUR 29.80, sfr 51.00</subfield></datafield><datafield ind1=" " ind2=" " tag="035"><subfield code="a">(swissbib)236249940-41slsp_network</subfield></datafield><datafield ind1=" " ind2=" " tag="035"><subfield code="a">236249940</subfield><subfield code="9">ExL</subfield></datafield><datafield ind1=" " ind2=" " tag="035"><subfield code="a">(RERO)R003187582-41slsp</subfield></datafield><datafield ind1=" " ind2=" " tag="035"><subfield code="a">(IDSLU)000275551ILU01</subfield></datafield><datafield ind1=" " ind2=" " tag="035"><subfield code="a">(NEBIS)004293194EBI01</subfield></datafield><datafield ind1=" " ind2=" " tag="035"><subfield code="a">(IDSBB)002518397DSV01</subfield></datafield><datafield ind1=" " ind2=" " tag="035"><subfield code="a">(IDSSG)000250760HSB01</subfield></datafield><datafield ind1=" " ind2=" " tag="035"><subfield code="a">(CH-UniLiZuSLS)991052897289705501</subfield></datafield><datafield ind1=" " ind2=" " tag="035"><subfield code="a">(UNILI)000134109LLB01</subfield></datafield><datafield ind1=" " ind2=" " tag="035"><subfield code="a">(EXLNZ-41SLSP_NETWORK)991052897289705501</subfield></datafield><datafield ind1=" " ind2=" " tag="040"><subfield code="a">RERO geubfd</subfield><subfield code="d">CH-ZuSLS</subfield></datafield><datafield ind1=" " ind2=" " tag="044"><subfield code="a">sz</subfield><subfield code="c">ch-zh</subfield></datafield><datafield ind1=" " ind2="7" tag="072"><subfield code="a">dr</subfield><subfield code="2">rero</subfield></datafield><datafield ind1=" " ind2="7" tag="072"><subfield code="a">830</subfield><subfield code="2">IDS LU</subfield></datafield><datafield ind1=" " ind2="7" tag="072"><subfield code="a">rw</subfield><subfield code="2">SzZuIDS BS/BE</subfield></datafield><datafield ind1="0" ind2="4" tag="082"><subfield code="a">345</subfield><subfield code="2">22</subfield></datafield><datafield ind1="1" ind2="4" tag="082"><subfield code="a">340</subfield><subfield code="2">15</subfield></datafield><datafield ind1=" " ind2=" " tag="084"><subfield code="a">A 12 e</subfield><subfield code="2">cjurrom</subfield></datafield><datafield ind1=" " ind2=" " tag="084"><subfield code="a">A 89.5 e</subfield><subfield code="2">cjurrom</subfield></datafield><datafield ind1=" " ind2=" " tag="084"><subfield code="a">PH 6040</subfield><subfield code="2">rvk</subfield></datafield><datafield ind1="0" ind2="0" tag="245"><subfield code="a">Bekämpfung der Geldwäsche</subfield><subfield code="b">24. Tagung der DACH in Bad Ragaz vom 10.-12. Mai 2001</subfield><subfield code="c">DACH - Europäische Anwaltsvereinigung ; mit Beiträgen von Wolfgang Bogensberger... [et al.]</subfield></datafield><datafield ind1=" " ind2="1" tag="264"><subfield code="a">Köln</subfield><subfield code="b">O. Schmidt</subfield><subfield code="a">Zürich</subfield><subfield code="b">Schulthess</subfield><subfield code="c">2002</subfield></datafield><datafield ind1=" " ind2=" " tag="300"><subfield code="a">IX, 135 S.</subfield><subfield code="c">21 cm</subfield></datafield><datafield ind1=" " ind2=" " tag="336"><subfield code="b">txt</subfield><subfield code="2">rdacontent</subfield></datafield><datafield ind1=" " ind2=" " tag="337"><subfield code="b">n</subfield><subfield code="2">rdamedia</subfield></datafield><datafield ind1=" " ind2=" " tag="338"><subfield code="b">nc</subfield><subfield code="2">rdacarrier</subfield></datafield><datafield ind1="1" ind2=" " tag="490"><subfield code="a">DACH Schriftenreihe</subfield><subfield code="v">Bd. 17</subfield></datafield><datafield ind1="2" ind2="7" tag="610"><subfield code="a">Union européenne</subfield><subfield code="0">(IDREF)032486324</subfield><subfield code="2">idref</subfield></datafield><datafield ind1=" " ind2="7" tag="650"><subfield code="a">Geldwäscherei</subfield><subfield code="9">ger</subfield><subfield code="0">(RERO)jurivoc000009339ger</subfield><subfield code="2">jurivoc</subfield></datafield><datafield ind1=" " ind2="7" tag="650"><subfield code="a">Rechtsvergleichung</subfield><subfield code="9">ger</subfield><subfield code="0">(RERO)jurivoc000018481ger</subfield><subfield code="2">jurivoc</subfield></datafield><datafield ind1=" " ind2="7" tag="650"><subfield code="a">Gemeinschaftsrecht</subfield><subfield code="9">ger</subfield><subfield code="0">(RERO)jurivoc000009467ger</subfield><subfield code="2">jurivoc</subfield></datafield><datafield ind1=" " ind2="7" tag="650"><subfield code="a">Droit comparé</subfield><subfield code="0">(IDREF)027741451</subfield><subfield code="2">idref</subfield></datafield><datafield ind1=" " ind2="7" tag="650"><subfield code="a">Blanchiment de l'argent</subfield><subfield code="0">(IDREF)029935679</subfield><subfield code="2">idref</subfield></datafield><datafield ind1=" " ind2="7" tag="650"><subfield code="a">Bekämpfung</subfield><subfield code="0">(DE-588)4112701-8</subfield><subfield code="2">gnd</subfield></datafield><datafield ind1=" " ind2="7" tag="650"><subfield code="a">Bekämpfung</subfield><subfield code="2">idszbz</subfield></datafield><datafield ind1=" " ind2="7" tag="650"><subfield code="a">Geldwäsche</subfield><subfield code="2">idszbz</subfield></datafield><datafield ind1=" " ind2="7" tag="650"><subfield code="a">Kongress</subfield><subfield code="0">(DE-588)4130470-6</subfield><subfield code="2">gnd</subfield></datafield><datafield ind1=" " ind2="0" tag="650"><subfield code="a">Money laundering</subfield><subfield code="z">Europe</subfield><subfield code="v">Congresses</subfield></datafield><datafield ind1=" " ind2="7" tag="650"><subfield code="a">Geldwäscherei</subfield><subfield code="x">Rechtsvergleichung</subfield><subfield code="v">Kongressbericht</subfield><subfield code="2">idsbb</subfield></datafield><datafield ind1=" " ind2="7" tag="650"><subfield code="a">Geldwäsche</subfield><subfield code="0">(DE-588)4239585-9</subfield><subfield code="2">gnd</subfield></datafield><datafield ind1=" " ind2="7" tag="651"><subfield code="a">Schweiz</subfield><subfield code="9">ger</subfield><subfield code="0">(RERO)jurivoc000019912ger</subfield><subfield code="2">jurivoc</subfield></datafield><datafield ind1=" " ind2="7" tag="651"><subfield code="a">Liechtenstein</subfield><subfield code="9">ger</subfield><subfield code="0">(RERO)jurivoc000014286ger</subfield><subfield code="2">jurivoc</subfield></datafield><datafield ind1=" " ind2="7" tag="651"><subfield code="a">Österreich</subfield><subfield code="9">ger</subfield><subfield code="0">(RERO)jurivoc000016714ger</subfield><subfield code="2">jurivoc</subfield></datafield><datafield ind1=" " ind2="7" tag="651"><subfield code="a">Deutschland</subfield><subfield code="9">ger</subfield><subfield code="0">(RERO)jurivoc000005510ger</subfield><subfield code="2">jurivoc</subfield></datafield><datafield ind1=" " ind2="7" tag="651"><subfield code="a">Allemagne</subfield><subfield code="0">(IDREF)027218856</subfield><subfield code="2">idref</subfield></datafield><datafield ind1=" " ind2="7" tag="651"><subfield code="a">Autriche</subfield><subfield code="0">(IDREF)027229246</subfield><subfield code="2">idref</subfield></datafield><datafield ind1=" " ind2="7" tag="651"><subfield code="a">Liechstenstein</subfield><subfield code="0">(IDREF)170500624</subfield><subfield code="2">idref</subfield></datafield><datafield ind1=" " ind2="7" tag="651"><subfield code="a">Suisse</subfield><subfield code="0">(IDREF)027249654</subfield><subfield code="2">idref</subfield></datafield><datafield ind1=" " ind2="7" tag="651"><subfield code="a">Bad Ragaz</subfield><subfield code="0">(DE-588)4103547-1</subfield><subfield code="2">gnd</subfield></datafield><datafield ind1=" " ind2="7" tag="651"><subfield code="a">Österreich</subfield><subfield code="2">idszbz</subfield></datafield><datafield ind1=" " ind2="7" tag="651"><subfield code="a">Schweiz</subfield><subfield code="2">idszbz</subfield></datafield><datafield ind1=" " ind2="7" tag="651"><subfield code="a">Österreich</subfield><subfield code="0">(DE-588)4043271-3</subfield><subfield code="2">gnd</subfield></datafield><datafield ind1=" " ind2="7" tag="651"><subfield code="a">Schweiz</subfield><subfield code="0">(DE-588)4053881-3</subfield><subfield code="2">gnd</subfield></datafield><datafield ind1=" " ind2="7" tag="651"><subfield code="a">Liechtenstein</subfield><subfield code="0">(DE-588)4035665-6</subfield><subfield code="2">gnd</subfield></datafield><datafield ind1=" " ind2="7" tag="651"><subfield code="a">Deutschland</subfield><subfield code="0">(DE-588)4011882-4</subfield><subfield code="2">gnd</subfield></datafield><datafield ind1=" " ind2="7" tag="655"><subfield code="a">Actes de congrès</subfield><subfield code="0">(IDREF)02886431X</subfield><subfield code="2">idref</subfield></datafield><datafield ind1=" " ind2="7" tag="655"><subfield code="a">Aufsatzsammlung</subfield><subfield code="2">gnd-content</subfield></datafield><datafield ind1=" " ind2="7" tag="655"><subfield code="a">Aufsatzsammlung</subfield><subfield code="2">idszbz</subfield></datafield><datafield ind1=" " ind2="7" tag="655"><subfield code="a">Konferenzschrift</subfield><subfield code="z">Bad Ragaz</subfield><subfield code="y">2001</subfield><subfield code="2">gnd-content</subfield></datafield><datafield ind1=" " ind2=" " tag="690"><subfield code="a">Geldwäsche; Gesetzgebung; Rechtsanwalt; Berlin; Einleitung; Empfehlung; Entwicklung; Brüssel; Konstanz; Liechtenstein; Europaparlament; Textilreinigung; Lesung; Publikation; Tagung; Vereinigung; Köln; Gegenmaßnahme; Geltungsbereich; Monarchie; Auslegung; Revision; Praxis</subfield><subfield code="2">idssg-J</subfield></datafield><datafield ind1=" " ind2=" " tag="690"><subfield code="a">Geldwäscherei; Anwaltsvereinigung; Ausschussempfehlung; Auslegungsmethode; Eu-Geldwäscherichtlinie; Strafverteidigerprivileg; Unionsrecht; Änderungsrichtlinie; Anwaltspraxis; Anwaltstätigkeit; Gesetzesänderung; Grundzug; Rechtsakt; Kernfrage; Mandatsverhältnis; Rechtsrahmen; Standpunkt; Straftatbestand; Verschwiegenheitspflicht</subfield><subfield code="2">idssg-J</subfield></datafield><datafield ind1=" " ind2=" " tag="690"><subfield code="a">internationale Grundlage; aktuelle Entwicklung; allfällige Revision; ausgewählte Publikation; bisherige Gesetzgebung; erste Lesung; europäische Anwaltsvereinigung; europäische Grundlage; europäisches Parlament; gemeinsamer Standpunkt; internationaler Charakter; juristischer Dienst; neuer Rechtsrahmen; rechtliche Maßnahme; räumlicher Geltungsbereich; weitere Bestimmung; wichtiger Rechtsakt; zeitlicher Geltungsbereich</subfield><subfield code="2">idssg-J</subfield></datafield><datafield ind1=" " ind2=" " tag="690"><subfield code="a">Liechtenstein C4EXLI; Schweiz C4EXSI; Deutschland C4EUGE; Österreich C4EUAU; EU C4EU</subfield><subfield code="2">idssg-J</subfield></datafield><datafield ind1=" " ind2=" " tag="690"><subfield code="a">Andrea Klein; Dr. Dr. Wolfgang Bogensberger Juristischer Dienst; Dr. Florian Krems; Dr. Florian Kremslehner; Dr. Heinz Frommelt; Dr. Otto Schmidt Schulthess; Dr. Peter Lutz; Justizminister Fürstentum; Konstanz Konsulent Zürich Vaduz; Konstanz Zürich Vaduz; M. Rechtsanwalt; Otto Schmidt Schulthess; Rechtsanwalt Andreas Klein; Rechtsanwalt Dr. Florian Kremslehner; Rechtsanwalt Dr. Heinz Frommelt; Rechtsanwalt Dr Peter; Rechtsanwalt Jürgen Wagner; Wien Rechtsanwalt Dr Peter Lutz</subfield><subfield code="2">idssg-J</subfield></datafield><datafield ind1=" " ind2=" " tag="691"><subfield code="e">PC 89.5</subfield><subfield code="2">rzs-L1</subfield></datafield><datafield ind1="1" ind2=" " tag="700"><subfield code="6">880-02</subfield><subfield code="a">Bogensberger, Wolfgang</subfield><subfield code="0">(DE-588)171140109</subfield></datafield><datafield ind1="1" ind2=" " tag="880"><subfield code="6">700-02</subfield><subfield code="a">Bogensberger, Wolfgang</subfield><subfield code="0">(RERO)A003018944</subfield></datafield><datafield ind1="2" ind2=" " tag="710"><subfield code="a">Europäische Anwaltsvereinigung</subfield><subfield code="b">Tagung</subfield><subfield code="n">24</subfield><subfield code="d">2001</subfield><subfield code="c">Bad Ragaz</subfield><subfield code="0">(RERO)A012533160</subfield></datafield><datafield ind1="2" ind2=" " tag="711"><subfield code="a">Europäische Anwaltsvereinigung</subfield><subfield code="e">Tagung</subfield><subfield code="0">(DE-588)1091649243</subfield></datafield><datafield ind1="4" ind2=" " tag="856"><subfield code="u">https://tools.unisg.ch/url/hm00052706</subfield><subfield code="z">Inhaltsverzeichnis</subfield></datafield><datafield ind1=" " ind2="0" tag="830"><subfield code="a">DACH Schriftenreihe</subfield><subfield code="v">17</subfield><subfield code="w">(RERO)2107699-41slsp</subfield></datafield><datafield ind1=" " ind2="0" tag="830"><subfield code="a">DACH Schriftenreihe</subfield><subfield code="v">17</subfield><subfield code="w">(IDSBB)001035219DSV01</subfield></datafield><datafield ind1=" " ind2="0" tag="830"><subfield code="a">DACH Schriftenreihe</subfield><subfield code="v">17</subfield><subfield code="w">(IDSSG)000112815HSB01</subfield></datafield><datafield ind1=" " ind2=" " tag="900"><subfield code="a">IDSZ2zbzmon200203e</subfield><subfield code="c">IDSZ2kuns</subfield><subfield code="d">IDSZ2zbzswk200204b</subfield><subfield code="e">IDSZ2stet</subfield></datafield><datafield ind1=" " ind2=" " tag="900"><subfield code="a">IDSZ2rwimon200203l</subfield><subfield code="c">IDSZ2buche</subfield><subfield code="d">IDSZ2rwiswk200205u</subfield></datafield><datafield ind1=" " ind2=" " tag="900"><subfield code="a">IDSZ1ZH</subfield></datafield><datafield ind1=" " ind2=" " tag="900"><subfield code="a">IDSE5E51ANH-2003</subfield></datafield><datafield ind1=" " ind2=" " tag="949"><subfield code="a">https://tools.unisg.ch/url/hm00052706</subfield></datafield></record>
</metadata></record>