<record><header><identifier>oai:alma.41SLSP_UGE:991000032049705502</identifier><datestamp>2023-05-10T00:23:13Z</datestamp><setSpec>uge_bcen_RapidILL_BOOK</setSpec><setSpec>uge_aaca_RapidILL_BOOK</setSpec><setSpec>uge_abels_RapidILL_BOOK</setSpec><setSpec>uge_dbu_RapidILL_BOOK</setSpec><setSpec>uge_cmu_RapidILL_BOOK</setSpec><setSpec>uge_mail_RapidILL_BOOK</setSpec><setSpec>uge_abbat_RapidILL_BOOK</setSpec><setSpec>UNIGE_ALL</setSpec><setSpec>uge_acar_RapidILL_BOOK</setSpec><setSpec>uge_aobs_RapidILL_BOOK</setSpec></header><metadata>
<record xmlns="http://www.loc.gov/MARC21/slim" xmlns:xsi="http://www.w3.org/2001/XMLSchema-instance" xsi:schemaLocation="http://www.loc.gov/MARC21/slim http://www.loc.gov/standards/marcxml/schema/MARC21slim.xsd"><leader>01999nam a2200313 c 4500</leader><controlfield tag="001">991000032049705502</controlfield><controlfield tag="005">20230509163220.0</controlfield><controlfield tag="008">900612s1990    fr ||||| |||| 00| ||fre d</controlfield><datafield ind1=" " ind2=" " tag="020"><subfield code="a">2735103706</subfield></datafield><datafield ind1="7" ind2=" " tag="024"><subfield code="a">http://catalogue.bnf.fr/ark:/12148/cb366406310</subfield><subfield code="2">uri</subfield></datafield><datafield ind1=" " ind2=" " tag="035"><subfield code="a">(swissbib)084745991-41slsp_network</subfield></datafield><datafield ind1=" " ind2=" " tag="035"><subfield code="a">084745991</subfield><subfield code="9">ExL</subfield></datafield><datafield ind1=" " ind2=" " tag="035"><subfield code="a">(RERO)1253530-41slsp</subfield></datafield><datafield ind1=" " ind2=" " tag="035"><subfield code="a">(EXLNZ-41SLSP_NETWORK)991108456209705501</subfield></datafield><datafield ind1=" " ind2=" " tag="040"><subfield code="a">RERO laisdc</subfield><subfield code="d">CH-ZuSLS</subfield></datafield><datafield ind1="0" ind2=" " tag="041"><subfield code="a">fre</subfield><subfield code="a">rus</subfield></datafield><datafield ind1=" " ind2="7" tag="072"><subfield code="a">dr</subfield><subfield code="2">rero</subfield></datafield><datafield ind1=" " ind2=" " tag="084"><subfield code="a">D 18 a</subfield><subfield code="2">cjurrom</subfield></datafield><datafield ind1="1" ind2=" " tag="100"><subfield code="a">Seriot-Reversat, Geneviève</subfield><subfield code="0">(IDREF)030213592</subfield><subfield code="4">cre</subfield></datafield><datafield ind1="1" ind2="0" tag="245"><subfield code="6">880-01</subfield><subfield code="a">Glossaire des droits de l'homme</subfield><subfield code="b">français-russe, russe-français = Slovarʹ prav cheloveka : frant︠s︡uzsko-russkiĭ, russko-frant︠s︡uzkiĭ</subfield><subfield code="c">Geneviève Seriot-Reversat, Jean-Bernard Marie ; préf. de Alexandre C. Kiss</subfield></datafield><datafield ind1="1" ind2="0" tag="880"><subfield code="6">245-01/(N</subfield><subfield code="a">Glossaire des droits de l'homme</subfield><subfield code="b">français-russe, russe-français = Словарь прав человека : французско-русский, русско-французский</subfield><subfield code="c">Geneviève Seriot-Reversat, Jean-Bernard Marie ; préf. de Alexandre C. Kiss</subfield></datafield><datafield ind1="1" ind2=" " tag="246"><subfield code="a">Glossaire des droits de l'homme</subfield><subfield code="b">français-russe, russe-français = Slovar' prav čeloveka : francuzsko-russkij, russko-francuzkij / Geneviève Seriot-Reversat, Jean-Bernard Marie ; préf. de Alexandre C. Kiss</subfield></datafield><datafield ind1=" " ind2="1" tag="264"><subfield code="a">Paris</subfield><subfield code="b">Maison des sciences de l'homme</subfield><subfield code="c">1990</subfield></datafield><datafield ind1=" " ind2=" " tag="300"><subfield code="a">265 p.</subfield><subfield code="c">23 cm</subfield></datafield><datafield ind1=" " ind2=" " tag="336"><subfield code="b">txt</subfield><subfield code="2">rdacontent</subfield></datafield><datafield ind1=" " ind2=" " tag="337"><subfield code="b">n</subfield><subfield code="2">rdamedia</subfield></datafield><datafield ind1=" " ind2=" " tag="338"><subfield code="b">nc</subfield><subfield code="2">rdacarrier</subfield></datafield><datafield ind1=" " ind2="7" tag="650"><subfield code="a">Droits de l'homme</subfield><subfield code="0">(IDREF)027466957</subfield><subfield code="2">idref</subfield></datafield><datafield ind1=" " ind2="7" tag="655"><subfield code="a">Dictionnaires</subfield><subfield code="0">(IDREF)027232050</subfield><subfield code="2">idref</subfield></datafield><datafield ind1="1" ind2=" " tag="700"><subfield code="a">Marie, Jean-Bernard</subfield><subfield code="0">(IDREF)027009742</subfield></datafield></record>
</metadata></record>