<record><header><identifier>oai:alma.41SLSP_UGE:991000032259705502</identifier><datestamp>2024-10-05T00:09:51Z</datestamp><setSpec>uge_bcen_RapidILL_BOOK</setSpec><setSpec>uge_aaca_RapidILL_BOOK</setSpec><setSpec>uge_abels_RapidILL_BOOK</setSpec><setSpec>uge_dbu_RapidILL_BOOK</setSpec><setSpec>uge_cmu_RapidILL_BOOK</setSpec><setSpec>uge_mail_RapidILL_BOOK</setSpec><setSpec>uge_abbat_RapidILL_BOOK</setSpec><setSpec>UNIGE_ALL</setSpec><setSpec>uge_acar_RapidILL_BOOK</setSpec><setSpec>uge_aobs_RapidILL_BOOK</setSpec></header><metadata>
<record xmlns="http://www.loc.gov/MARC21/slim" xmlns:xsi="http://www.w3.org/2001/XMLSchema-instance" xsi:schemaLocation="http://www.loc.gov/MARC21/slim http://www.loc.gov/standards/marcxml/schema/MARC21slim.xsd"><leader>01167nam a2200325 c 4500</leader><controlfield tag="001">991000032259705502</controlfield><controlfield tag="005">20241004204715.0</controlfield><controlfield tag="008">201011s1959    gw ||||| |||| 00| ||ger d</controlfield><datafield ind1=" " ind2=" " tag="035"><subfield code="a">(swissbib)231281471-41slsp_network</subfield></datafield><datafield ind1=" " ind2=" " tag="035"><subfield code="a">231281471</subfield><subfield code="9">ExL</subfield></datafield><datafield ind1=" " ind2=" " tag="035"><subfield code="a">(RERO)1903044-41slsp</subfield></datafield><datafield ind1=" " ind2=" " tag="035"><subfield code="a">(IDSBB)003700239DSV01</subfield></datafield><datafield ind1=" " ind2=" " tag="035"><subfield code="a">(NEBIS)008031756EBI01</subfield></datafield><datafield ind1=" " ind2=" " tag="035"><subfield code="a">(EXLNZ-41SLSP_NETWORK)991133784289705501</subfield></datafield><datafield ind1=" " ind2=" " tag="040"><subfield code="a">RERO geudbu</subfield><subfield code="d">CH-ZuSLS</subfield></datafield><datafield ind1=" " ind2="7" tag="072"><subfield code="a">me</subfield><subfield code="2">rero</subfield></datafield><datafield ind1="1" ind2="4" tag="082"><subfield code="a">610</subfield><subfield code="2">15</subfield></datafield><datafield ind1="0" ind2="0" tag="245"><subfield code="a">&lt;&lt;Die&gt;&gt; systematischen Präparationen der konservierenden und prothetischen Zahnheilkunde</subfield><subfield code="c">Karl Eichner... [et al.] ; mit einem Geleitwort von Alfred Rank ; Zeichnungen und Graphik Elfriede Löffler</subfield></datafield><datafield ind1=" " ind2="1" tag="264"><subfield code="a">Berlin</subfield><subfield code="b">Drendel &amp; Zweiling</subfield><subfield code="c">1959</subfield></datafield><datafield ind1=" " ind2=" " tag="300"><subfield code="a">144 p.</subfield><subfield code="b">ill.</subfield><subfield code="c">25 cm</subfield></datafield><datafield ind1=" " ind2=" " tag="336"><subfield code="b">txt</subfield><subfield code="2">rdacontent</subfield></datafield><datafield ind1=" " ind2=" " tag="337"><subfield code="b">n</subfield><subfield code="2">rdamedia</subfield></datafield><datafield ind1=" " ind2=" " tag="338"><subfield code="b">nc</subfield><subfield code="2">rdacarrier</subfield></datafield><datafield ind1="1" ind2=" " tag="700"><subfield code="a">Löffler, Elfriede</subfield></datafield><datafield ind1="1" ind2=" " tag="700"><subfield code="a">Drendel, Hugo</subfield></datafield><datafield ind1="1" ind2=" " tag="700"><subfield code="a">Rank, Alfred</subfield><subfield code="0">(RERO)A003726965</subfield></datafield><datafield ind1="1" ind2=" " tag="700"><subfield code="a">Loeffler, Elfriede</subfield><subfield code="0">(RERO)A003527982</subfield></datafield><datafield ind1="1" ind2=" " tag="700"><subfield code="a">Eichner, Karl</subfield><subfield code="d">19..-....</subfield><subfield code="0">(IDREF)146687566</subfield></datafield><datafield ind1="2" ind2=" " tag="710"><subfield code="a">Drendel &amp; Zweiling</subfield><subfield code="g">Berlin-Zehlendorf</subfield><subfield code="0">(DE-588)16240903-5</subfield></datafield><datafield ind1="2" ind2=" " tag="710"><subfield code="a">Zweiling</subfield></datafield><datafield ind1=" " ind2=" " tag="900"><subfield code="a">REROnoselfmerge</subfield></datafield></record>
</metadata></record>