<record><header><identifier>oai:alma.41SLSP_UGE:991000032359705502</identifier><datestamp>2023-04-07T00:40:46Z</datestamp><setSpec>uge_bcen_RapidILL_BOOK</setSpec><setSpec>uge_aaca_RapidILL_BOOK</setSpec><setSpec>uge_abels_RapidILL_BOOK</setSpec><setSpec>uge_dbu_RapidILL_BOOK</setSpec><setSpec>uge_cmu_RapidILL_BOOK</setSpec><setSpec>uge_mail_RapidILL_BOOK</setSpec><setSpec>uge_abbat_RapidILL_BOOK</setSpec><setSpec>UNIGE_ALL</setSpec><setSpec>uge_acar_RapidILL_BOOK</setSpec><setSpec>uge_aobs_RapidILL_BOOK</setSpec></header><metadata>
<record xmlns="http://www.loc.gov/MARC21/slim" xmlns:xsi="http://www.w3.org/2001/XMLSchema-instance" xsi:schemaLocation="http://www.loc.gov/MARC21/slim http://www.loc.gov/standards/marcxml/schema/MARC21slim.xsd"><leader>03958nam a2200889 c 4500</leader><controlfield tag="001">991000032359705502</controlfield><controlfield tag="005">20230406191734.0</controlfield><controlfield tag="008">201011t19921992xxu||||| |||| 00| ||eng d</controlfield><datafield ind1=" " ind2=" " tag="020"><subfield code="a">082031420X</subfield><subfield code="q">alk. paper</subfield></datafield><datafield ind1=" " ind2=" " tag="035"><subfield code="a">(swissbib)230998941-41slsp_network</subfield></datafield><datafield ind1=" " ind2=" " tag="035"><subfield code="a">230998941</subfield><subfield code="9">ExL</subfield></datafield><datafield ind1=" " ind2=" " tag="035"><subfield code="a">(RERO)1705063-41slsp</subfield></datafield><datafield ind1=" " ind2=" " tag="035"><subfield code="a">(IDSBB)000902929DSV01</subfield></datafield><datafield ind1=" " ind2=" " tag="035"><subfield code="a">(NEBIS)001244503EBI01</subfield></datafield><datafield ind1=" " ind2=" " tag="035"><subfield code="a">(EXLNZ-41SLSP_NETWORK)991078334449705501</subfield></datafield><datafield ind1=" " ind2=" " tag="040"><subfield code="a">RERO geulan</subfield><subfield code="d">CH-ZuSLS</subfield></datafield><datafield ind1=" " ind2=" " tag="044"><subfield code="a">xxu</subfield><subfield code="a">xxk</subfield></datafield><datafield ind1=" " ind2="7" tag="072"><subfield code="a">an</subfield><subfield code="2">rero</subfield></datafield><datafield ind1=" " ind2="7" tag="072"><subfield code="a">le</subfield><subfield code="2">SzZuIDS BS/BE</subfield></datafield><datafield ind1="0" ind2="0" tag="082"><subfield code="a">813/.08729099287</subfield><subfield code="2">20</subfield></datafield><datafield ind1="0" ind2="4" tag="082"><subfield code="a">809.3</subfield></datafield><datafield ind1=" " ind2=" " tag="084"><subfield code="a">HG 674</subfield><subfield code="2">rvk</subfield></datafield><datafield ind1="1" ind2=" " tag="100"><subfield code="a">Winter, Kari J.</subfield><subfield code="0">(IDREF)154712663</subfield><subfield code="4">cre</subfield></datafield><datafield ind1="1" ind2="0" tag="245"><subfield code="a">Subjects of slavery, agents of change</subfield><subfield code="b">women and power in Gothic novels and slave narratives, 1790-1865</subfield><subfield code="c">Kari J. Winter</subfield></datafield><datafield ind1=" " ind2="1" tag="264"><subfield code="a">Athens</subfield><subfield code="a">London</subfield><subfield code="b">University of Georgia Press</subfield><subfield code="c">[1992]</subfield></datafield><datafield ind1=" " ind2="4" tag="264"><subfield code="c">© 1992</subfield></datafield><datafield ind1=" " ind2=" " tag="300"><subfield code="a">xii, 172 p.</subfield><subfield code="c">24 cm</subfield></datafield><datafield ind1=" " ind2=" " tag="336"><subfield code="b">txt</subfield><subfield code="2">rdacontent</subfield></datafield><datafield ind1=" " ind2=" " tag="337"><subfield code="b">n</subfield><subfield code="2">rdamedia</subfield></datafield><datafield ind1=" " ind2=" " tag="338"><subfield code="b">nc</subfield><subfield code="2">rdacarrier</subfield></datafield><datafield ind1=" " ind2=" " tag="504"><subfield code="a">Includes bibliographical references (p. [157]-165) and index</subfield></datafield><datafield ind1=" " ind2="7" tag="648"><subfield code="a">Geschichte 1790-1865</subfield><subfield code="2">gnd</subfield></datafield><datafield ind1=" " ind2="7" tag="650"><subfield code="a">1790-1865</subfield><subfield code="2">rero</subfield></datafield><datafield ind1=" " ind2="7" tag="650"><subfield code="a">Esclaves</subfield><subfield code="0">(IDREF)027224317</subfield><subfield code="2">idref</subfield></datafield><datafield ind1=" " ind2="7" tag="650"><subfield code="a">Femmes écrivains</subfield><subfield code="0">(IDREF)027320618</subfield><subfield code="2">idref</subfield></datafield><datafield ind1=" " ind2="7" tag="650"><subfield code="a">Roman américain</subfield><subfield code="0">(IDREF)02787642X</subfield><subfield code="2">idref</subfield></datafield><datafield ind1=" " ind2="7" tag="650"><subfield code="a">Roman gothique anglais</subfield><subfield code="0">(IDREF)077071948</subfield><subfield code="2">idref</subfield></datafield><datafield ind1=" " ind2="7" tag="650"><subfield code="a">Schauerroman</subfield><subfield code="z">amerikanischer</subfield><subfield code="x">Frau</subfield><subfield code="y">Geschichte 19. Jh</subfield><subfield code="2">idsbb</subfield></datafield><datafield ind1=" " ind2="7" tag="650"><subfield code="a">Sklaverei</subfield><subfield code="x">Frauenroman</subfield><subfield code="z">amerikanischer</subfield><subfield code="y">Geschichte 19. Jh</subfield><subfield code="2">idsbb</subfield></datafield><datafield ind1=" " ind2="7" tag="650"><subfield code="a">Frauenroman</subfield><subfield code="z">amerikanischer</subfield><subfield code="x">Sklaverei</subfield><subfield code="y">Geschichte 19. Jh</subfield><subfield code="2">idsbb</subfield></datafield><datafield ind1=" " ind2="7" tag="650"><subfield code="a">Frau</subfield><subfield code="x">Schauerroman</subfield><subfield code="z">amerikanischer</subfield><subfield code="y">Geschichte 19. Jh</subfield><subfield code="2">idsbb</subfield></datafield><datafield ind1=" " ind2="7" tag="650"><subfield code="a">Schauerroman</subfield><subfield code="z">englischer</subfield><subfield code="x">Frau</subfield><subfield code="y">Geschichte 19. Jh</subfield><subfield code="2">idsbb</subfield></datafield><datafield ind1=" " ind2="7" tag="650"><subfield code="a">Sklaverei</subfield><subfield code="x">Frauenroman</subfield><subfield code="z">englischer</subfield><subfield code="y">Geschichte 19. Jh</subfield><subfield code="2">idsbb</subfield></datafield><datafield ind1=" " ind2="7" tag="650"><subfield code="a">Frauenroman</subfield><subfield code="z">englischer</subfield><subfield code="x">Sklaverei</subfield><subfield code="y">Geschichte 19. Jh</subfield><subfield code="2">idsbb</subfield></datafield><datafield ind1=" " ind2="7" tag="650"><subfield code="a">Frau</subfield><subfield code="x">Schauerroman</subfield><subfield code="z">englischer</subfield><subfield code="y">Geschichte 19. Jh</subfield><subfield code="2">idsbb</subfield></datafield><datafield ind1=" " ind2="7" tag="650"><subfield code="a">Slave narratives</subfield><subfield code="x">Women authors</subfield><subfield code="2">idszbzes</subfield></datafield><datafield ind1=" " ind2="7" tag="650"><subfield code="a">Gothic fiction</subfield><subfield code="x">Women authors</subfield><subfield code="2">idszbzes</subfield></datafield><datafield ind1=" " ind2="7" tag="650"><subfield code="a">Autobiografische Literatur</subfield><subfield code="0">(DE-588)4143683-0</subfield><subfield code="2">gnd</subfield></datafield><datafield ind1=" " ind2="7" tag="650"><subfield code="a">Englisch</subfield><subfield code="0">(DE-588)4014777-0</subfield><subfield code="2">gnd</subfield></datafield><datafield ind1=" " ind2="7" tag="650"><subfield code="a">Frau</subfield><subfield code="0">(DE-588)4018202-2</subfield><subfield code="2">gnd</subfield></datafield><datafield ind1=" " ind2="7" tag="650"><subfield code="a">Frauenroman</subfield><subfield code="0">(DE-588)4134195-8</subfield><subfield code="2">gnd</subfield></datafield><datafield ind1=" " ind2="7" tag="650"><subfield code="a">Gothic novel</subfield><subfield code="0">(DE-588)4157930-6</subfield><subfield code="2">gnd</subfield></datafield><datafield ind1=" " ind2="7" tag="650"><subfield code="a">Sklavin</subfield><subfield code="0">(DE-588)4204353-0</subfield><subfield code="2">gnd</subfield></datafield><datafield ind1=" " ind2="0" tag="650"><subfield code="a">African American women in literature</subfield></datafield><datafield ind1=" " ind2="0" tag="650"><subfield code="a">American literature</subfield><subfield code="x">Women authors</subfield><subfield code="x">History and criticism</subfield></datafield><datafield ind1=" " ind2="0" tag="650"><subfield code="a">English fiction</subfield><subfield code="x">Women authors</subfield><subfield code="x">History and criticism</subfield></datafield><datafield ind1=" " ind2="0" tag="650"><subfield code="a">Gothic revival (Literature)</subfield><subfield code="z">Great Britain</subfield></datafield><datafield ind1=" " ind2="0" tag="650"><subfield code="a">Gothic revival (Literature)</subfield><subfield code="z">United States</subfield></datafield><datafield ind1=" " ind2="0" tag="650"><subfield code="a">Horror tales, English</subfield><subfield code="x">History and criticism</subfield></datafield><datafield ind1=" " ind2="0" tag="650"><subfield code="a">Power (Social sciences) in literature</subfield></datafield><datafield ind1=" " ind2="0" tag="650"><subfield code="a">Sex role in literature</subfield></datafield><datafield ind1=" " ind2="0" tag="650"><subfield code="a">Slaves' writings, American</subfield><subfield code="x">History and criticism</subfield></datafield><datafield ind1=" " ind2="0" tag="650"><subfield code="a">Slaves</subfield><subfield code="z">English-speaking countries</subfield><subfield code="x">Intellectual life</subfield></datafield><datafield ind1=" " ind2="0" tag="650"><subfield code="a">Slaves</subfield><subfield code="z">United States</subfield><subfield code="x">Biography</subfield><subfield code="x">History and criticism</subfield></datafield><datafield ind1=" " ind2="0" tag="650"><subfield code="a">Women and literature</subfield><subfield code="z">English-speaking countries</subfield></datafield><datafield ind1=" " ind2="7" tag="651"><subfield code="a">USA</subfield><subfield code="0">(DE-588)4078704-7</subfield><subfield code="2">gnd</subfield></datafield><datafield ind1=" " ind2=" " tag="690"><subfield code="a">American literature</subfield><subfield code="x">Women authors</subfield><subfield code="x">History and criticism</subfield><subfield code="2">uzb-Z4</subfield></datafield><datafield ind1=" " ind2=" " tag="690"><subfield code="a">Slaves</subfield><subfield code="z">United States</subfield><subfield code="v">Biography</subfield><subfield code="x">History and criticism</subfield><subfield code="2">uzb-Z4</subfield></datafield><datafield ind1=" " ind2=" " tag="690"><subfield code="a">English fiction</subfield><subfield code="x">Women authors</subfield><subfield code="x">History and criticism</subfield><subfield code="2">uzb-Z4</subfield></datafield><datafield ind1=" " ind2=" " tag="690"><subfield code="a">Slaves' writings, American</subfield><subfield code="x">History and criticism</subfield><subfield code="2">uzb-Z4</subfield></datafield><datafield ind1=" " ind2=" " tag="690"><subfield code="a">Horror tales, English</subfield><subfield code="x">History and criticism</subfield><subfield code="2">uzb-Z4</subfield></datafield><datafield ind1=" " ind2=" " tag="690"><subfield code="a">Power (Social sciences) in literature</subfield><subfield code="2">uzb-Z4</subfield></datafield><datafield ind1=" " ind2=" " tag="690"><subfield code="a">Afro-American women in literature</subfield><subfield code="2">uzb-Z4</subfield></datafield><datafield ind1=" " ind2=" " tag="690"><subfield code="a">Gothic revival (Literature)</subfield><subfield code="2">uzb-Z4</subfield></datafield><datafield ind1=" " ind2=" " tag="690"><subfield code="a">Sex role in literature</subfield><subfield code="2">uzb-Z4</subfield></datafield><datafield ind1=" " ind2=" " tag="690"><subfield code="a">Women and literature</subfield><subfield code="2">uzb-Z4</subfield></datafield><datafield ind1=" " ind2=" " tag="900"><subfield code="a">REROnoselfmerge</subfield></datafield><datafield ind1=" " ind2=" " tag="900"><subfield code="a">IDSZ2esmon200205l</subfield><subfield code="c">IDSZ2kama</subfield><subfield code="d">IDSZ2esswk200206b</subfield><subfield code="e">IDSZ2leud</subfield></datafield></record>
</metadata></record>