<record><header><identifier>oai:alma.41SLSP_UGE:991000032459705502</identifier><datestamp>2023-04-29T00:12:19Z</datestamp><setSpec>UNIGE_ALL</setSpec></header><metadata>
<record xmlns="http://www.loc.gov/MARC21/slim" xmlns:xsi="http://www.w3.org/2001/XMLSchema-instance" xsi:schemaLocation="http://www.loc.gov/MARC21/slim http://www.loc.gov/standards/marcxml/schema/MARC21slim.xsd"><leader>01353njm a22003617c 4500</leader><controlfield tag="001">991000032459705502</controlfield><controlfield tag="005">20201222221545.0</controlfield><controlfield tag="007">sd f||g|||||||</controlfield><controlfield tag="008">110122nuuuuuuuuxx ||n |            eng d</controlfield><datafield ind1="0" ind2="2" tag="028"><subfield code="a">Philips 416 289-2</subfield></datafield><datafield ind1=" " ind2=" " tag="035"><subfield code="a">(swissbib)113584105-41slsp_network</subfield></datafield><datafield ind1=" " ind2=" " tag="035"><subfield code="a">113584105</subfield><subfield code="9">ExL</subfield></datafield><datafield ind1=" " ind2=" " tag="035"><subfield code="a">(RERO)R006023995-41slsp</subfield></datafield><datafield ind1=" " ind2=" " tag="035"><subfield code="a">(EXLNZ-41SLSP_NETWORK)991090273699705501</subfield></datafield><datafield ind1=" " ind2=" " tag="040"><subfield code="a">RERO geulmu</subfield><subfield code="d">CH-ZuSLS</subfield></datafield><datafield ind1="0" ind2=" " tag="041"><subfield code="a">ger</subfield><subfield code="a">eng</subfield><subfield code="a">fre</subfield></datafield><datafield ind1=" " ind2="7" tag="072"><subfield code="a">mu</subfield><subfield code="2">rero</subfield></datafield><datafield ind1="1" ind2=" " tag="100"><subfield code="a">Schubert, Franz</subfield><subfield code="d">1797-1828</subfield><subfield code="0">(IDREF)02734262X</subfield><subfield code="4">cre</subfield></datafield><datafield ind1="1" ind2="0" tag="245"><subfield code="a">Winterreise D 911</subfield><subfield code="b">Song Cycle = Liederzyklus = Cycle de Lieder</subfield><subfield code="c">Franz Schubert ; Poèmes de Wilhelm Müller</subfield></datafield><datafield ind1=" " ind2=" " tag="300"><subfield code="a">2 disques compacts</subfield></datafield><datafield ind1=" " ind2=" " tag="336"><subfield code="b">prm</subfield><subfield code="2">rdacontent</subfield></datafield><datafield ind1=" " ind2=" " tag="337"><subfield code="b">s</subfield><subfield code="2">rdamedia</subfield></datafield><datafield ind1=" " ind2=" " tag="338"><subfield code="b">sd</subfield><subfield code="2">rdacarrier</subfield></datafield><datafield ind1=" " ind2=" " tag="500"><subfield code="a">Durée: 1 h. 21 min. 51 sec.</subfield></datafield><datafield ind1=" " ind2=" " tag="500"><subfield code="a">Enregistrement public</subfield></datafield><datafield ind1=" " ind2=" " tag="500"><subfield code="a">Enregistrement: 1979</subfield></datafield><datafield ind1=" " ind2=" " tag="500"><subfield code="a">Formation: piano ; piano, voix de ténor</subfield></datafield><datafield ind1=" " ind2=" " tag="500"><subfield code="a">Langue(s) chantée(s) : allemand</subfield></datafield><datafield ind1=" " ind2=" " tag="500"><subfield code="a">Opus: 89 ; D 911 ; D 840</subfield></datafield><datafield ind1="0" ind2=" " tag="505"><subfield code="a">[Lieder. Winterreise. Voix d'homme, piano. D 911/Op. 89] ; [Sonates. Piano. D 840. Do majeur]</subfield></datafield><datafield ind1="1" ind2=" " tag="700"><subfield code="a">Müller, Wilhelm</subfield><subfield code="d">1794-1827</subfield><subfield code="0">(RERO)A013479467</subfield></datafield><datafield ind1="1" ind2=" " tag="700"><subfield code="a">Rihter, Svâtoslav</subfield><subfield code="d">1915-1997</subfield><subfield code="0">(IDREF)030167442</subfield></datafield><datafield ind1="1" ind2=" " tag="700"><subfield code="a">Schreier, Peter</subfield><subfield code="d">1935-2019</subfield><subfield code="0">(IDREF)08171548X</subfield></datafield><datafield ind1=" " ind2=" " tag="900"><subfield code="a">REROnoselfmerge</subfield></datafield><datafield ind1=" " ind2=" " tag="960"><subfield code="2">matmu</subfield><subfield code="a">Autriche ; XIXe ; Romantisme ; Lieder ; Sonates ; Piano</subfield><subfield code="9">LOCAL</subfield></datafield></record>
</metadata></record>