<record><header><identifier>oai:alma.41SLSP_UGE:991000032669705502</identifier><datestamp>2024-03-15T01:25:48Z</datestamp><setSpec>uge_bcen_RapidILL_BOOK</setSpec><setSpec>uge_aaca_RapidILL_BOOK</setSpec><setSpec>uge_abels_RapidILL_BOOK</setSpec><setSpec>uge_dbu_RapidILL_BOOK</setSpec><setSpec>uge_cmu_RapidILL_BOOK</setSpec><setSpec>uge_mail_RapidILL_BOOK</setSpec><setSpec>uge_abbat_RapidILL_BOOK</setSpec><setSpec>UNIGE_ALL</setSpec><setSpec>uge_aobs_RapidILL_BOOK</setSpec><setSpec>uge_acar_RapidILL_BOOK</setSpec></header><metadata>
<record xmlns="http://www.loc.gov/MARC21/slim" xmlns:xsi="http://www.w3.org/2001/XMLSchema-instance" xsi:schemaLocation="http://www.loc.gov/MARC21/slim http://www.loc.gov/standards/marcxml/schema/MARC21slim.xsd"><leader>01567nam a2200301 c 4500</leader><controlfield tag="001">991000032669705502</controlfield><controlfield tag="005">20240314214301.0</controlfield><controlfield tag="008">190527s1561    sz ||||| |||| 00| ||fre d</controlfield><datafield ind1=" " ind2=" " tag="035"><subfield code="a">(swissbib)125715021-41slsp_network</subfield></datafield><datafield ind1=" " ind2=" " tag="035"><subfield code="a">125715021</subfield><subfield code="9">ExL</subfield></datafield><datafield ind1=" " ind2=" " tag="035"><subfield code="a">(RERO)R008929173-41slsp</subfield></datafield><datafield ind1=" " ind2=" " tag="035"><subfield code="a">(EXLNZ-41SLSP_NETWORK)991125991949705501</subfield></datafield><datafield ind1=" " ind2=" " tag="040"><subfield code="a">RERO gevbge</subfield><subfield code="d">CH-ZuSLS</subfield></datafield><datafield ind1="1" ind2=" " tag="041"><subfield code="a">fre</subfield><subfield code="h">lat</subfield></datafield><datafield ind1=" " ind2="7" tag="072"><subfield code="a">th</subfield><subfield code="2">rero</subfield></datafield><datafield ind1="1" ind2=" " tag="100"><subfield code="a">Bèze, Théodore de</subfield><subfield code="d">1519-1605</subfield><subfield code="0">(IDREF)026726920</subfield><subfield code="4">aut</subfield></datafield><datafield ind1="1" ind2="0" tag="245"><subfield code="a">Confession de la foy chrestienne</subfield><subfield code="c">faicte par Théodore de Besze, contenant la confirmation d'icelle, et la réfutation des superstitions contraires</subfield></datafield><datafield ind1=" " ind2=" " tag="250"><subfield code="a">Quatrième edition, reveuë sur la latine, et augmentée avec un abrégé d'icelle</subfield></datafield><datafield ind1=" " ind2="1" tag="264"><subfield code="a">[Lyon]</subfield><subfield code="b">[Jean de Tournes?]</subfield><subfield code="c">1561</subfield></datafield><datafield ind1=" " ind2=" " tag="300"><subfield code="a">340, [11] p.</subfield><subfield code="b">ill.</subfield><subfield code="c">8° (17 cm)</subfield></datafield><datafield ind1=" " ind2=" " tag="336"><subfield code="b">txt</subfield><subfield code="2">rdacontent</subfield></datafield><datafield ind1=" " ind2=" " tag="337"><subfield code="b">n</subfield><subfield code="2">rdamedia</subfield></datafield><datafield ind1=" " ind2=" " tag="338"><subfield code="b">nc</subfield><subfield code="2">rdacarrier</subfield></datafield><datafield ind1=" " ind2=" " tag="500"><subfield code="a">Gardy précise: On reconnaît les mêmes caractères que dans l'édition signée de Jean de Tournes en 1563 (ci-dessous, no 108), et la même gravure représentant la religion, ainsi que le même bandeau au-dessus de la table. Pour le reste, la présente édition n'a pas les ornements du no 108, sans doute parce qu'ils eussent trahi les presses de J. de Tournes. On peut considérer cette édition comme lyonnaise, probablement de Tournes</subfield></datafield><datafield ind1="3" ind2=" " tag="510"><subfield code="a">Gardy no 103</subfield></datafield><datafield ind1="4" ind2=" " tag="510"><subfield code="a">Brunet I, col. 841, suppl. I, col. 122</subfield></datafield><datafield ind1="1" ind2=" " tag="700"><subfield code="a">Tournes, Jean de</subfield><subfield code="d">1504-1564</subfield><subfield code="0">(IDREF)029940354</subfield><subfield code="4">prt</subfield></datafield><datafield ind1=" " ind2=" " tag="751"><subfield code="a">Lyon (Rhône)</subfield><subfield code="4">pup</subfield><subfield code="0">(IDREF)027262782</subfield></datafield><datafield ind1=" " ind2=" " tag="900"><subfield code="a">REROswissbibnomerge</subfield></datafield><datafield ind1=" " ind2=" " tag="993"><subfield code="a">MHR B 14,1(61)a</subfield><subfield code="x">ge/mhr-/4073</subfield><subfield code="9">LOCAL</subfield></datafield></record>
</metadata></record>