<record><header><identifier>oai:alma.41SLSP_UGE:991000032149705502</identifier><datestamp>2023-03-01T01:08:55Z</datestamp><setSpec>uge_bcen_RapidILL_BOOK</setSpec><setSpec>uge_aaca_RapidILL_BOOK</setSpec><setSpec>uge_abels_RapidILL_BOOK</setSpec><setSpec>uge_dbu_RapidILL_BOOK</setSpec><setSpec>uge_cmu_RapidILL_BOOK</setSpec><setSpec>uge_mail_RapidILL_BOOK</setSpec><setSpec>UNIGE_ALL</setSpec><setSpec>uge_abbat_RapidILL_BOOK</setSpec><setSpec>uge_aobs_RapidILL_BOOK</setSpec><setSpec>uge_acar_RapidILL_BOOK</setSpec></header><metadata>
<record xmlns="http://www.loc.gov/MARC21/slim" xmlns:xsi="http://www.w3.org/2001/XMLSchema-instance" xsi:schemaLocation="http://www.loc.gov/MARC21/slim http://www.loc.gov/standards/marcxml/schema/MARC21slim.xsd"><leader>01646nam a2200469 c 4500</leader><controlfield tag="001">991000032149705502</controlfield><controlfield tag="005">20201227164548.0</controlfield><controlfield tag="008">190919s2019    xxkac    bf   001 0 eng d</controlfield><datafield ind1=" " ind2=" " tag="020"><subfield code="a">0702069574</subfield><subfield code="q">hbk.</subfield></datafield><datafield ind1=" " ind2=" " tag="020"><subfield code="a">9780702069574</subfield><subfield code="q">hbk.</subfield></datafield><datafield ind1=" " ind2=" " tag="020"><subfield code="z">9780702077265</subfield><subfield code="q">Mobipocket ebook</subfield></datafield><datafield ind1=" " ind2=" " tag="035"><subfield code="a">(swissbib)125956916-41slsp_network</subfield></datafield><datafield ind1=" " ind2=" " tag="035"><subfield code="a">125956916</subfield><subfield code="9">ExL</subfield></datafield><datafield ind1=" " ind2=" " tag="035"><subfield code="a">(RERO)R008964530-41slsp</subfield></datafield><datafield ind1=" " ind2=" " tag="035"><subfield code="a">(EXLNZ-41SLSP_NETWORK)991070147869705501</subfield></datafield><datafield ind1=" " ind2=" " tag="040"><subfield code="a">UKMGB</subfield><subfield code="b">eng</subfield><subfield code="e">rda</subfield><subfield code="d">CH-ZuSLS</subfield></datafield><datafield ind1="0" ind2="0" tag="060"><subfield code="a">2019 B-436</subfield></datafield><datafield ind1="1" ind2="0" tag="060"><subfield code="a">WE 39</subfield></datafield><datafield ind1=" " ind2="7" tag="072"><subfield code="a">me</subfield><subfield code="2">rero</subfield></datafield><datafield ind1="0" ind2="4" tag="082"><subfield code="a">616.706</subfield><subfield code="2">23</subfield></datafield><datafield ind1="1" ind2=" " tag="100"><subfield code="a">Saunders, Stephanie</subfield><subfield code="4">aut</subfield></datafield><datafield ind1="1" ind2="0" tag="245"><subfield code="a">Injection techniques in musculoskeletal medicine</subfield><subfield code="b">a practical manual for clinicians in primary and secondary care</subfield><subfield code="c">Stephanie Saunders, Steve Longworth ; foreword by Jonathan Botting</subfield></datafield><datafield ind1=" " ind2=" " tag="250"><subfield code="a">5th ed.</subfield></datafield><datafield ind1=" " ind2="1" tag="264"><subfield code="a">Edinburgh</subfield><subfield code="b">Elsevier</subfield><subfield code="c">2019</subfield></datafield><datafield ind1=" " ind2=" " tag="300"><subfield code="a">306 p.</subfield><subfield code="b">ill.</subfield></datafield><datafield ind1=" " ind2=" " tag="336"><subfield code="b">txt</subfield><subfield code="2">rdacontent</subfield></datafield><datafield ind1=" " ind2=" " tag="337"><subfield code="b">n</subfield><subfield code="2">rdamedia</subfield></datafield><datafield ind1=" " ind2=" " tag="338"><subfield code="b">nc</subfield><subfield code="2">rdacarrier</subfield></datafield><datafield ind1=" " ind2=" " tag="500"><subfield code="a">Includes Internet access</subfield></datafield><datafield ind1=" " ind2=" " tag="500"><subfield code="a">Previous edition: Edinburgh: Churchill Livingstone Elsevier, 2012</subfield></datafield><datafield ind1=" " ind2=" " tag="504"><subfield code="a">Includes bibliographical references and index</subfield></datafield><datafield ind1=" " ind2="2" tag="650"><subfield code="a">Injections</subfield><subfield code="x">methods</subfield></datafield><datafield ind1=" " ind2="2" tag="650"><subfield code="a">Musculoskeletal Diseases</subfield><subfield code="x">drug therapy</subfield></datafield><datafield ind1=" " ind2="2" tag="650"><subfield code="a">Anesthetics, Local</subfield><subfield code="x">administration &amp; dosage</subfield></datafield><datafield ind1=" " ind2="2" tag="650"><subfield code="a">Anti-Inflammatory Agents</subfield><subfield code="x">administration &amp; dosage</subfield></datafield><datafield ind1=" " ind2="2" tag="650"><subfield code="a">Athletic Injuries</subfield><subfield code="x">drug therapy</subfield></datafield><datafield ind1=" " ind2="2" tag="650"><subfield code="a">Pain</subfield><subfield code="x">drug therapy</subfield></datafield><datafield ind1=" " ind2="2" tag="650"><subfield code="a">Steroids</subfield><subfield code="x">administration &amp; dosage</subfield></datafield><datafield ind1=" " ind2="2" tag="655"><subfield code="a">Handbook</subfield></datafield><datafield ind1="1" ind2=" " tag="700"><subfield code="a">Longworth, Steve</subfield><subfield code="4">aut</subfield></datafield><datafield ind1="1" ind2=" " tag="700"><subfield code="a">Botting, Jonathan</subfield><subfield code="4">aui</subfield></datafield><datafield ind1=" " ind2=" " tag="900"><subfield code="a">REROnoselfmerge</subfield></datafield><datafield ind1=" " ind2=" " tag="910"><subfield code="a">NLM</subfield><subfield code="b">20190919</subfield></datafield></record>
</metadata></record>