<record><header><identifier>oai:alma.41SLSP_UGE:991000032579705502</identifier><datestamp>2024-10-05T00:05:31Z</datestamp><setSpec>uge_bcen_RapidILL_BOOK</setSpec><setSpec>uge_aaca_RapidILL_BOOK</setSpec><setSpec>uge_abels_RapidILL_BOOK</setSpec><setSpec>uge_dbu_RapidILL_BOOK</setSpec><setSpec>uge_cmu_RapidILL_BOOK</setSpec><setSpec>uge_mail_RapidILL_BOOK</setSpec><setSpec>uge_abbat_RapidILL_BOOK</setSpec><setSpec>UNIGE_ALL</setSpec><setSpec>uge_aobs_RapidILL_BOOK</setSpec><setSpec>uge_acar_RapidILL_BOOK</setSpec></header><metadata>
<record xmlns="http://www.loc.gov/MARC21/slim" xmlns:xsi="http://www.w3.org/2001/XMLSchema-instance" xsi:schemaLocation="http://www.loc.gov/MARC21/slim http://www.loc.gov/standards/marcxml/schema/MARC21slim.xsd"><leader>01002nam a2200289 c 4500</leader><controlfield tag="001">991000032579705502</controlfield><controlfield tag="005">20241004180532.0</controlfield><controlfield tag="008">201012s1890    fr ||||| |||| 00| ||fre d</controlfield><datafield ind1="7" ind2=" " tag="024"><subfield code="a">http://catalogue.bnf.fr/ark:/12148/cb308355526</subfield><subfield code="2">uri</subfield></datafield><datafield ind1=" " ind2=" " tag="035"><subfield code="a">(swissbib)23866385X-41slsp_network</subfield></datafield><datafield ind1=" " ind2=" " tag="035"><subfield code="a">23866385X</subfield><subfield code="9">ExL</subfield></datafield><datafield ind1=" " ind2=" " tag="035"><subfield code="a">(RERO)0561477-41slsp</subfield></datafield><datafield ind1=" " ind2=" " tag="035"><subfield code="a">(IDSBB)003239796DSV01</subfield></datafield><datafield ind1=" " ind2=" " tag="035"><subfield code="a">(EXLNZ-41SLSP_NETWORK)991055046169705501</subfield></datafield><datafield ind1=" " ind2=" " tag="040"><subfield code="a">RERO</subfield><subfield code="d">CH-ZuSLS</subfield></datafield><datafield ind1=" " ind2="7" tag="072"><subfield code="a">fr</subfield><subfield code="2">rero</subfield></datafield><datafield ind1="1" ind2=" " tag="100"><subfield code="a">Loth, Joseph</subfield></datafield><datafield ind1="1" ind2="0" tag="245"><subfield code="a">Chrestomathie Bretonne</subfield><subfield code="b">(Armoricain, Gallois, Cornique)</subfield></datafield><datafield ind1=" " ind2="1" tag="264"><subfield code="a">Paris</subfield><subfield code="b">E. Bouillon</subfield><subfield code="c">1890</subfield></datafield><datafield ind1=" " ind2=" " tag="300"><subfield code="a">Partie 1</subfield><subfield code="a">528 S.</subfield><subfield code="c">8'</subfield></datafield><datafield ind1=" " ind2=" " tag="336"><subfield code="b">txt</subfield><subfield code="2">rdacontent</subfield></datafield><datafield ind1=" " ind2=" " tag="337"><subfield code="b">n</subfield><subfield code="2">rdamedia</subfield></datafield><datafield ind1=" " ind2=" " tag="338"><subfield code="b">nc</subfield><subfield code="2">rdacarrier</subfield></datafield><datafield ind1=" " ind2=" " tag="500"><subfield code="a">[mehr nicht erschienen]</subfield></datafield><datafield ind1="0" ind2="0" tag="505"><subfield code="g">Partie 1 :</subfield><subfield code="t">Breton-Armoricain / par J. Loth. - 1890. - 528 p.</subfield></datafield><datafield ind1="1" ind2=" " tag="700"><subfield code="a">Loth, Joseph-Marie</subfield><subfield code="0">(RERO)A005917376</subfield></datafield><datafield ind1="4" ind2="1" tag="856"><subfield code="3">Volltext Partie 1 | 1</subfield><subfield code="q">GOOGLE</subfield><subfield code="u">https://urn.ub.unibe.ch/urn:ch:slsp:UBBS-00114808:full:google</subfield></datafield><datafield ind1=" " ind2=" " tag="900"><subfield code="a">REROnoselfmerge</subfield></datafield></record>
</metadata></record>