<record><header><identifier>oai:alma.41SLSP_UGE:991000032269705502</identifier><datestamp>2023-03-27T00:20:57Z</datestamp><setSpec>uge_cmu_RapidILL_JOURNAL</setSpec><setSpec>uge_aobs_RapidILL_JOURNAL</setSpec><setSpec>uge_aaca_RapidILL_JOURNAL</setSpec><setSpec>uge_bcen_RapidILL_JOURNAL</setSpec><setSpec>uge_abbat_RapidILL_JOURNAL</setSpec><setSpec>uge_mail_RapidILL_JOURNAL</setSpec><setSpec>uge_dbu_RapidILL_JOURNAL</setSpec><setSpec>uge_abels_RapidILL_JOURNAL</setSpec><setSpec>UNIGE_ALL</setSpec><setSpec>uge_acar_RapidILL_JOURNAL</setSpec></header><metadata>
<record xmlns="http://www.loc.gov/MARC21/slim" xmlns:xsi="http://www.w3.org/2001/XMLSchema-instance" xsi:schemaLocation="http://www.loc.gov/MARC21/slim http://www.loc.gov/standards/marcxml/schema/MARC21slim.xsd"><leader>01677nas a2200421 c 4500</leader><controlfield tag="001">991000032269705502</controlfield><controlfield tag="005">20230326205508.0</controlfield><controlfield tag="008">201011c19969999sz  | m       0    |ger|d</controlfield><datafield ind1=" " ind2=" " tag="035"><subfield code="a">(swissbib)215669827-41slsp_network</subfield></datafield><datafield ind1=" " ind2=" " tag="035"><subfield code="a">215669827</subfield><subfield code="9">ExL</subfield></datafield><datafield ind1=" " ind2=" " tag="035"><subfield code="a">(IDSBB)004264048DSV01</subfield></datafield><datafield ind1=" " ind2=" " tag="035"><subfield code="a">(RERO)R008540037-41slsp</subfield></datafield><datafield ind1=" " ind2=" " tag="035"><subfield code="a">(NEBIS)005660326EBI01</subfield></datafield><datafield ind1=" " ind2=" " tag="035"><subfield code="a">(SLB)vtls001107522</subfield></datafield><datafield ind1=" " ind2=" " tag="035"><subfield code="a">(EXLNZ-41SLSP_NETWORK)991022555819705501</subfield></datafield><datafield ind1=" " ind2=" " tag="040"><subfield code="a">SLB</subfield><subfield code="e">kids</subfield><subfield code="d">CH-ZuSLS</subfield></datafield><datafield ind1=" " ind2="7" tag="072"><subfield code="a">et</subfield><subfield code="2">rero</subfield></datafield><datafield ind1="0" ind2="0" tag="245"><subfield code="a">Handwerk</subfield><subfield code="b">[praktischer Ratgeber für Handwerk und Kunsthandwerk]</subfield><subfield code="c">Kurszentrum Ballenberg Heimatwerk</subfield></datafield><datafield ind1=" " ind2="1" tag="264"><subfield code="a">Brienz</subfield><subfield code="b">Kurszentrum Ballenberg Heimatwerk</subfield></datafield><datafield ind1=" " ind2=" " tag="310"><subfield code="a">3 mal jährlich</subfield></datafield><datafield ind1=" " ind2=" " tag="336"><subfield code="b">txt</subfield><subfield code="2">rdacontent</subfield></datafield><datafield ind1=" " ind2=" " tag="337"><subfield code="b">n</subfield><subfield code="2">rdamedia</subfield></datafield><datafield ind1=" " ind2=" " tag="338"><subfield code="b">nc</subfield><subfield code="2">rdacarrier</subfield></datafield><datafield ind1="0" ind2=" " tag="362"><subfield code="a">N° 1 (1996) -</subfield></datafield><datafield ind1="2" ind2="7" tag="610"><subfield code="a">Musée suisse de l'habitat rural (Brienz)</subfield><subfield code="0">(RERO)A009970284</subfield><subfield code="2">rero</subfield></datafield><datafield ind1=" " ind2="7" tag="650"><subfield code="a">Handwerk</subfield><subfield code="v">Schriftenreihe</subfield><subfield code="2">idsbb</subfield></datafield><datafield ind1=" " ind2="7" tag="650"><subfield code="a">Handwerk</subfield><subfield code="z">Schweiz</subfield><subfield code="v">Schriftenreihe</subfield><subfield code="2">idsbb</subfield></datafield><datafield ind1=" " ind2="7" tag="650"><subfield code="a">Kunstgewerbe</subfield><subfield code="v">Schriftenreihe</subfield><subfield code="2">idsbb</subfield></datafield><datafield ind1=" " ind2="7" tag="650"><subfield code="a">Kunstgewerbe</subfield><subfield code="z">Schweiz</subfield><subfield code="v">Schriftenreihe</subfield><subfield code="2">idsbb</subfield></datafield><datafield ind1=" " ind2="7" tag="650"><subfield code="a">Artisanat d'art</subfield><subfield code="0">(IDREF)176786279</subfield><subfield code="2">idref</subfield></datafield><datafield ind1=" " ind2="7" tag="650"><subfield code="a">HANDWERK + GEWERBE</subfield><subfield code="9">ger</subfield><subfield code="0">(ETHUDK)000049985</subfield><subfield code="2">ethudk</subfield></datafield><datafield ind1=" " ind2="7" tag="650"><subfield code="a">SCHWEIZ (MITTELEUROPA). SCHWEIZERISCHE EIDGENOSSENSCHAFT</subfield><subfield code="9">ger</subfield><subfield code="0">(ETHUDK)000004571</subfield><subfield code="2">ethudk</subfield></datafield><datafield ind1=" " ind2="7" tag="655"><subfield code="a">Monografische Reihe</subfield><subfield code="2">gnd-content</subfield></datafield><datafield ind1=" " ind2="7" tag="655"><subfield code="a">Périodiques</subfield><subfield code="0">(IDREF)02724640X</subfield><subfield code="2">idref</subfield></datafield><datafield ind1="2" ind2=" " tag="710"><subfield code="a">Kurszentrum Ballenberg-Heimatwerk (Brienz)</subfield><subfield code="0">(RERO)A026816089</subfield></datafield><datafield ind1="2" ind2=" " tag="710"><subfield code="a">Kurszentrum Ballenberg Heimatwerk</subfield><subfield code="g">Brienz</subfield><subfield code="0">(DE-588)1087551439</subfield></datafield><datafield ind1="0" ind2="0" tag="780"><subfield code="t">Der Heimatwerkbote</subfield><subfield code="w">(IDSBB)000089977DSV01</subfield></datafield><datafield ind1=" " ind2=" " tag="900"><subfield code="a">REROnoselfmerge</subfield></datafield><datafield ind1=" " ind2=" " tag="900"><subfield code="a">NEBISnoselfmerge</subfield></datafield><datafield ind1=" " ind2=" " tag="993"><subfield code="a">BFLP 2748</subfield><subfield code="x">ge/ulha/a/17/0217</subfield><subfield code="9">LOCAL</subfield></datafield></record>
</metadata></record>