<record><header><identifier>oai:alma.41SLSP_UGE:991000032369705502</identifier><datestamp>2023-03-01T01:08:55Z</datestamp><setSpec>uge_bcen_RapidILL_BOOK</setSpec><setSpec>uge_aaca_RapidILL_BOOK</setSpec><setSpec>uge_abels_RapidILL_BOOK</setSpec><setSpec>uge_dbu_RapidILL_BOOK</setSpec><setSpec>uge_cmu_RapidILL_BOOK</setSpec><setSpec>uge_mail_RapidILL_BOOK</setSpec><setSpec>UNIGE_ALL</setSpec><setSpec>uge_abbat_RapidILL_BOOK</setSpec><setSpec>uge_aobs_RapidILL_BOOK</setSpec><setSpec>uge_acar_RapidILL_BOOK</setSpec></header><metadata>
<record xmlns="http://www.loc.gov/MARC21/slim" xmlns:xsi="http://www.w3.org/2001/XMLSchema-instance" xsi:schemaLocation="http://www.loc.gov/MARC21/slim http://www.loc.gov/standards/marcxml/schema/MARC21slim.xsd"><leader>01087nam a2200313 c 4500</leader><controlfield tag="001">991000032369705502</controlfield><controlfield tag="005">20201227170328.0</controlfield><controlfield tag="007">c| |||||||||||</controlfield><controlfield tag="008">150930s2012    xxk||||| |||| 00| ||eng d</controlfield><datafield ind1=" " ind2=" " tag="020"><subfield code="a">0957170807</subfield></datafield><datafield ind1=" " ind2=" " tag="020"><subfield code="a">9780957170803</subfield></datafield><datafield ind1=" " ind2=" " tag="035"><subfield code="a">(swissbib)122133714-41slsp_network</subfield></datafield><datafield ind1=" " ind2=" " tag="035"><subfield code="a">122133714</subfield><subfield code="9">ExL</subfield></datafield><datafield ind1=" " ind2=" " tag="035"><subfield code="a">(RERO)R008266953-41slsp</subfield></datafield><datafield ind1=" " ind2=" " tag="035"><subfield code="a">(EXLNZ-41SLSP_NETWORK)991102910019705501</subfield></datafield><datafield ind1=" " ind2=" " tag="040"><subfield code="a">NDD</subfield><subfield code="d">CH-ZuSLS</subfield></datafield><datafield ind1=" " ind2="4" tag="050"><subfield code="a">QH323.5</subfield><subfield code="b">.H542 2012</subfield></datafield><datafield ind1=" " ind2="7" tag="072"><subfield code="a">me</subfield><subfield code="2">rero</subfield></datafield><datafield ind1="1" ind2=" " tag="100"><subfield code="a">Hills, Michael</subfield><subfield code="d">19..-....</subfield><subfield code="0">(IDREF)088708888</subfield><subfield code="4">cre</subfield></datafield><datafield ind1="1" ind2="0" tag="245"><subfield code="a">&lt;&lt;A&gt;&gt; short introduction to Stata for biostatistics</subfield><subfield code="b">updated to Stata 12</subfield><subfield code="c">Michael Hills, Bianca L. De Stavola</subfield></datafield><datafield ind1=" " ind2=" " tag="250"><subfield code="a">Rev. ed.</subfield></datafield><datafield ind1=" " ind2="1" tag="264"><subfield code="a">London</subfield><subfield code="a">Union, NJ</subfield><subfield code="b">Timberlake Consultants</subfield><subfield code="c">2012</subfield></datafield><datafield ind1=" " ind2=" " tag="300"><subfield code="a">181 p.</subfield><subfield code="e">1 CD-ROM</subfield></datafield><datafield ind1=" " ind2=" " tag="500"><subfield code="a">System requirements for accompanying CD-ROM: Windows or MacIntosh operating system, Stata version 12.</subfield></datafield><datafield ind1="0" ind2="0" tag="630"><subfield code="a">Stata</subfield></datafield><datafield ind1=" " ind2="2" tag="650"><subfield code="a">Biostatistics</subfield><subfield code="x">methods</subfield></datafield><datafield ind1=" " ind2="2" tag="650"><subfield code="a">Biometry</subfield><subfield code="x">methods</subfield></datafield><datafield ind1="1" ind2=" " tag="700"><subfield code="a">De Stavola, Bianca L.</subfield><subfield code="0">(RERO)A025732296</subfield></datafield><datafield ind1=" " ind2=" " tag="900"><subfield code="a">REROnoselfmerge</subfield></datafield><datafield ind1=" " ind2=" " tag="910"><subfield code="a">OCoLC</subfield><subfield code="b">20150930</subfield><subfield code="c">Droits réservés</subfield></datafield></record>
</metadata></record>