<record><header><identifier>oai:alma.41SLSP_UGE:991000031949705502</identifier><datestamp>2024-10-05T00:05:29Z</datestamp><setSpec>uge_cmu_RapidILL_JOURNAL</setSpec><setSpec>uge_aobs_RapidILL_JOURNAL</setSpec><setSpec>uge_aaca_RapidILL_JOURNAL</setSpec><setSpec>uge_bcen_RapidILL_JOURNAL</setSpec><setSpec>uge_abbat_RapidILL_JOURNAL</setSpec><setSpec>uge_dbu_RapidILL_JOURNAL</setSpec><setSpec>uge_mail_RapidILL_JOURNAL</setSpec><setSpec>uge_abels_RapidILL_JOURNAL</setSpec><setSpec>UNIGE_ALL</setSpec><setSpec>uge_acar_RapidILL_JOURNAL</setSpec></header><metadata>
<record xmlns="http://www.loc.gov/MARC21/slim" xmlns:xsi="http://www.w3.org/2001/XMLSchema-instance" xsi:schemaLocation="http://www.loc.gov/MARC21/slim http://www.loc.gov/standards/marcxml/schema/MARC21slim.xsd"><leader>01931nas a2200493 c 4500</leader><controlfield tag="001">991000031949705502</controlfield><controlfield tag="005">20241004182022.0</controlfield><controlfield tag="008">201011c19489999xxu|| p|  ||| 0    0eng d</controlfield><datafield ind1=" " ind2=" " tag="022"><subfield code="a">0021-9355</subfield></datafield><datafield ind1=" " ind2=" " tag="035"><subfield code="a">(swissbib)218026293-41slsp_network</subfield></datafield><datafield ind1=" " ind2=" " tag="035"><subfield code="a">218026293</subfield><subfield code="9">ExL</subfield></datafield><datafield ind1=" " ind2=" " tag="035"><subfield code="a">(RERO)0720998-41slsp</subfield></datafield><datafield ind1=" " ind2=" " tag="035"><subfield code="a">(IDSBB)000012322DSV01</subfield></datafield><datafield ind1=" " ind2=" " tag="035"><subfield code="a">(EXLNZ-41SLSP_NETWORK)991070350199705501</subfield></datafield><datafield ind1=" " ind2=" " tag="040"><subfield code="a">RERO labdfm</subfield><subfield code="d">CH-ZuSLS</subfield></datafield><datafield ind1=" " ind2="7" tag="072"><subfield code="a">me</subfield><subfield code="2">rero</subfield></datafield><datafield ind1=" " ind2="7" tag="072"><subfield code="a">me</subfield><subfield code="2">SzZuIDS BS/BE</subfield></datafield><datafield ind1="1" ind2="4" tag="082"><subfield code="a">610</subfield><subfield code="2">15</subfield></datafield><datafield ind1="0" ind2=" " tag="130"><subfield code="a">&lt;&lt;The&gt;&gt; journal of bone and joint surgery</subfield><subfield code="p">American volume</subfield></datafield><datafield ind1="1" ind2="0" tag="245"><subfield code="a">&lt;&lt;The&gt;&gt; journal of bone and joint surgery</subfield><subfield code="c">American Orthopaedic Association... [et al.]</subfield></datafield><datafield ind1="1" ind2="3" tag="246"><subfield code="a">JBJS</subfield></datafield><datafield ind1="1" ind2="3" tag="246"><subfield code="a">J-Bone-Joint-Surg-Am</subfield></datafield><datafield ind1="1" ind2=" " tag="246"><subfield code="i">Titel vol. 30(1948)-82(2000)</subfield><subfield code="a">&lt;&lt;The&gt;&gt; journal of bone and joint surgery</subfield></datafield><datafield ind1=" " ind2="1" tag="264"><subfield code="a">Boston Mass.</subfield><subfield code="b">Journal of Bone and joint Surgery</subfield></datafield><datafield ind1=" " ind2=" " tag="300"><subfield code="c">25 [puis] 28 cm</subfield></datafield><datafield ind1=" " ind2=" " tag="310"><subfield code="a">Paraît 8 fois par an, 9 fois par an dès 1981, puis 10 fois par an à partir de 1988</subfield></datafield><datafield ind1=" " ind2=" " tag="336"><subfield code="b">txt</subfield><subfield code="2">rdacontent</subfield></datafield><datafield ind1=" " ind2=" " tag="337"><subfield code="b">n</subfield><subfield code="2">rdamedia</subfield></datafield><datafield ind1=" " ind2=" " tag="338"><subfield code="b">nc</subfield><subfield code="2">rdacarrier</subfield></datafield><datafield ind1="0" ind2=" " tag="362"><subfield code="a">Vol. 30A(1948)-</subfield></datafield><datafield ind1=" " ind2=" " tag="500"><subfield code="a">&quot;Official publication&quot; von verschiedenen Gesellschaften der Orthopaedie</subfield></datafield><datafield ind1=" " ind2=" " tag="500"><subfield code="a">Erscheint mit Supplementen</subfield></datafield><datafield ind1=" " ind2=" " tag="580"><subfield code="a">Fait suite à: The journal of bone and joint surgery</subfield></datafield><datafield ind1=" " ind2="2" tag="650"><subfield code="a">Orthopedics</subfield></datafield><datafield ind1=" " ind2="7" tag="650"><subfield code="a">Orthopädie</subfield><subfield code="x">Chirurgie</subfield><subfield code="v">Zeitschrift</subfield><subfield code="2">idsbb</subfield></datafield><datafield ind1=" " ind2="2" tag="650"><subfield code="a">Orthopedics</subfield><subfield code="0">(DNLM)D009985</subfield></datafield><datafield ind1=" " ind2="2" tag="650"><subfield code="a">General Surgery</subfield><subfield code="0">(DNLM)D013502</subfield></datafield><datafield ind1=" " ind2="2" tag="655"><subfield code="a">Periodical</subfield></datafield><datafield ind1=" " ind2="2" tag="655"><subfield code="a">Periodical</subfield><subfield code="0">(DNLM)D020492</subfield></datafield><datafield ind1=" " ind2="7" tag="655"><subfield code="a">Zeitschrift</subfield><subfield code="2">gnd-content</subfield></datafield><datafield ind1="2" ind2=" " tag="710"><subfield code="6">880-02</subfield><subfield code="a">American orthopaedic association</subfield><subfield code="0">(IDREF)070197172</subfield></datafield><datafield ind1="2" ind2=" " tag="880"><subfield code="a">American Orthopaedic Association</subfield><subfield code="0">(DE-588)1003088-8</subfield><subfield code="6">710-02</subfield></datafield><datafield ind1="0" ind2="2" tag="780"><subfield code="t">&lt;&lt;The&gt;&gt; journal of bone and joint surgery</subfield><subfield code="w">(IDSBB)000012321DSV01</subfield></datafield><datafield ind1="0" ind2="8" tag="776"><subfield code="i">Erscheint auch als Online-Ausgabe</subfield><subfield code="t">&lt;&lt;The&gt;&gt; Journal of bone &amp; joint surgery</subfield></datafield><datafield ind1=" " ind2=" " tag="900"><subfield code="a">REROnoselfmerge</subfield></datafield></record>
</metadata></record>