<record><header><identifier>oai:alma.41SLSP_UGE:991000031869705502</identifier><datestamp>2023-03-01T01:08:55Z</datestamp><setSpec>uge_bcen_RapidILL_BOOK</setSpec><setSpec>uge_aaca_RapidILL_BOOK</setSpec><setSpec>uge_abels_RapidILL_BOOK</setSpec><setSpec>uge_dbu_RapidILL_BOOK</setSpec><setSpec>uge_cmu_RapidILL_BOOK</setSpec><setSpec>uge_mail_RapidILL_BOOK</setSpec><setSpec>UNIGE_ALL</setSpec><setSpec>uge_abbat_RapidILL_BOOK</setSpec><setSpec>uge_acar_RapidILL_BOOK</setSpec><setSpec>uge_aobs_RapidILL_BOOK</setSpec></header><metadata>
<record xmlns="http://www.loc.gov/MARC21/slim" xmlns:xsi="http://www.w3.org/2001/XMLSchema-instance" xsi:schemaLocation="http://www.loc.gov/MARC21/slim http://www.loc.gov/standards/marcxml/schema/MARC21slim.xsd"><leader>01974nam a2200373 c 4500</leader><controlfield tag="001">991000031869705502</controlfield><controlfield tag="005">20230119203729.0</controlfield><controlfield tag="008">201011s2010    it ||||| |||| 00| ||ita d</controlfield><datafield ind1=" " ind2=" " tag="020"><subfield code="a">9788843054039</subfield></datafield><datafield ind1=" " ind2=" " tag="035"><subfield code="a">(swissbib)21256871X-41slsp_network</subfield></datafield><datafield ind1=" " ind2=" " tag="035"><subfield code="a">21256871X</subfield><subfield code="9">ExL</subfield></datafield><datafield ind1=" " ind2=" " tag="035"><subfield code="a">(RERO)R005664178-41slsp</subfield></datafield><datafield ind1=" " ind2=" " tag="035"><subfield code="a">(NEBIS)006213385EBI01</subfield></datafield><datafield ind1=" " ind2=" " tag="035"><subfield code="a">(SBT)000759255SBT01</subfield></datafield><datafield ind1=" " ind2=" " tag="035"><subfield code="a">(EXLNZ-41SLSP_NETWORK)991104247589705501</subfield></datafield><datafield ind1=" " ind2=" " tag="040"><subfield code="a">RERO laiuhm</subfield><subfield code="d">CH-ZuSLS</subfield></datafield><datafield ind1=" " ind2="7" tag="072"><subfield code="a">me</subfield><subfield code="2">rero</subfield></datafield><datafield ind1="0" ind2="0" tag="245"><subfield code="a">Filosofia della medicina</subfield><subfield code="b">epistemologia, ontologia, etica, diritto</subfield><subfield code="c">a cura di Alessandro Pagnini</subfield></datafield><datafield ind1=" " ind2="1" tag="264"><subfield code="a">Roma</subfield><subfield code="b">Carocci</subfield><subfield code="c">2010</subfield></datafield><datafield ind1=" " ind2=" " tag="300"><subfield code="a">583 p.</subfield><subfield code="b">ill.</subfield></datafield><datafield ind1=" " ind2=" " tag="336"><subfield code="b">txt</subfield><subfield code="2">rdacontent</subfield></datafield><datafield ind1=" " ind2=" " tag="337"><subfield code="b">n</subfield><subfield code="2">rdamedia</subfield></datafield><datafield ind1=" " ind2=" " tag="338"><subfield code="b">nc</subfield><subfield code="2">rdacarrier</subfield></datafield><datafield ind1="1" ind2=" " tag="490"><subfield code="a">Frecce</subfield><subfield code="v">95</subfield></datafield><datafield ind1=" " ind2=" " tag="520"><subfield code="a">La medicina è oggi considerata una disciplina che cerca una sua specifica collocazione tra spiegazione della malattia e comprensione del malato, fenomenologia e leggi di natura, scienza e &quot;arte&quot;. Vi sono annosi dibattiti su problemi ontologici, logici, metodologici e epistemologici che riguardano le scienze della natura e le scienze dell'uomo. Il manuale intende aggiornare le posizioni filosofiche relative a quei dibattiti, proporre nuove analisi concettuali e ricostruzioni razionali del teorizzare e dal praticare medicina, mettere a disposizione il vocabolario essenziale di etica e diritto per discuterne le implicazioni valoriali.</subfield><subfield code="5">SBT/FSCMH 16.6.2015</subfield></datafield><datafield ind1=" " ind2="7" tag="650"><subfield code="a">Médecine</subfield><subfield code="0">(IDREF)027887693</subfield><subfield code="2">idref</subfield></datafield><datafield ind1=" " ind2="7" tag="650"><subfield code="a">Philosophie</subfield><subfield code="0">(IDREF)027295206</subfield><subfield code="2">idref</subfield></datafield><datafield ind1=" " ind2="7" tag="650"><subfield code="a">MÉDECINE</subfield><subfield code="9">fre</subfield><subfield code="0">(ETHUDK)000025839</subfield><subfield code="2">ethudk</subfield></datafield><datafield ind1=" " ind2="7" tag="650"><subfield code="a">PHILOSOPHIE</subfield><subfield code="9">fre</subfield><subfield code="0">(ETHUDK)000009365</subfield><subfield code="2">ethudk</subfield></datafield><datafield ind1=" " ind2="7" tag="650"><subfield code="a">ÉTHIQUE MÉDICALE</subfield><subfield code="9">fre</subfield><subfield code="0">(ETHUDK)000045848</subfield><subfield code="2">ethudk</subfield></datafield><datafield ind1=" " ind2="7" tag="655"><subfield code="a">[Études diverses]</subfield><subfield code="0">(RERO)A022249905</subfield><subfield code="2">rero</subfield></datafield><datafield ind1="1" ind2=" " tag="700"><subfield code="a">Pagnini, Alessandro</subfield><subfield code="0">(IDREF)050637002</subfield></datafield><datafield ind1=" " ind2=" " tag="830"><subfield code="a">Frecce</subfield><subfield code="p">Carocci</subfield><subfield code="v">95</subfield><subfield code="w">(RERO)R003381524-41slsp</subfield></datafield><datafield ind1=" " ind2=" " tag="830"><subfield code="a">Frecce</subfield><subfield code="v">95</subfield><subfield code="w">(NEBIS)004525822EBI01</subfield></datafield><datafield ind1=" " ind2=" " tag="900"><subfield code="a">REROnoselfmerge</subfield></datafield></record>
</metadata></record>