<record><header><identifier>oai:alma.41SLSP_UGE:991000032489705502</identifier><datestamp>2024-03-08T01:18:41Z</datestamp><setSpec>uge_bcen_RapidILL_BOOK</setSpec><setSpec>uge_aaca_RapidILL_BOOK</setSpec><setSpec>uge_abels_RapidILL_BOOK</setSpec><setSpec>uge_dbu_RapidILL_BOOK</setSpec><setSpec>uge_cmu_RapidILL_BOOK</setSpec><setSpec>uge_mail_RapidILL_BOOK</setSpec><setSpec>uge_abbat_RapidILL_BOOK</setSpec><setSpec>UNIGE_ALL</setSpec><setSpec>uge_acar_RapidILL_BOOK</setSpec><setSpec>uge_aobs_RapidILL_BOOK</setSpec></header><metadata>
<record xmlns="http://www.loc.gov/MARC21/slim" xmlns:xsi="http://www.w3.org/2001/XMLSchema-instance" xsi:schemaLocation="http://www.loc.gov/MARC21/slim http://www.loc.gov/standards/marcxml/schema/MARC21slim.xsd"><leader>01731nam a2200469 c 4500</leader><controlfield tag="001">991000032489705502</controlfield><controlfield tag="005">20240307234732.0</controlfield><controlfield tag="008">201011t19931993au ||||| |||| 00| ||ger d</controlfield><datafield ind1=" " ind2=" " tag="020"><subfield code="a">3701708053</subfield></datafield><datafield ind1=" " ind2=" " tag="035"><subfield code="a">(swissbib)219953597-41slsp_network</subfield></datafield><datafield ind1=" " ind2=" " tag="035"><subfield code="a">219953597</subfield><subfield code="9">ExL</subfield></datafield><datafield ind1=" " ind2=" " tag="035"><subfield code="a">(RERO)1786042-41slsp</subfield></datafield><datafield ind1=" " ind2=" " tag="035"><subfield code="a">(NEBIS)001335023EBI01</subfield></datafield><datafield ind1=" " ind2=" " tag="035"><subfield code="a">(IDSBB)000961977DSV01</subfield></datafield><datafield ind1=" " ind2=" " tag="035"><subfield code="a">(ABN)000047343ABN01</subfield></datafield><datafield ind1=" " ind2=" " tag="035"><subfield code="a">(EXLNZ-41SLSP_NETWORK)991084694599705501</subfield></datafield><datafield ind1=" " ind2=" " tag="040"><subfield code="a">RERO geulal</subfield><subfield code="d">CH-ZuSLS</subfield></datafield><datafield ind1=" " ind2="7" tag="072"><subfield code="a">al</subfield><subfield code="2">rero</subfield></datafield><datafield ind1=" " ind2="7" tag="072"><subfield code="a">nd</subfield><subfield code="2">SzZuIDS BS/BE</subfield></datafield><datafield ind1="0" ind2="0" tag="082"><subfield code="a">838/.809</subfield><subfield code="a">B</subfield><subfield code="2">20</subfield></datafield><datafield ind1="0" ind2="4" tag="082"><subfield code="a">838 .809</subfield><subfield code="a">B</subfield><subfield code="2">20</subfield></datafield><datafield ind1="0" ind2="4" tag="082"><subfield code="a">833.8</subfield></datafield><datafield ind1="1" ind2="4" tag="082"><subfield code="a">830</subfield><subfield code="2">15</subfield></datafield><datafield ind1=" " ind2=" " tag="084"><subfield code="a">GL 8326</subfield><subfield code="2">rvk</subfield></datafield><datafield ind1="1" ind2=" " tag="100"><subfield code="6">880-01</subfield><subfield code="a">Rosegger, Peter</subfield><subfield code="d">1843-1918</subfield><subfield code="0">(IDREF)028415965</subfield><subfield code="4">cre</subfield></datafield><datafield ind1="1" ind2=" " tag="880"><subfield code="a">Rosegger, Peter</subfield><subfield code="d">1843-1918</subfield><subfield code="0">(DE-588)118602667</subfield><subfield code="6">100-01</subfield></datafield><datafield ind1="1" ind2="0" tag="245"><subfield code="a">Lebens-Beschreibung</subfield><subfield code="b">und Die Schriften des Waldschulmeisters</subfield><subfield code="c">Peter Rosegger ; hrsg. und mit einem Nachw. von Karl Wagner</subfield></datafield><datafield ind1=" " ind2="1" tag="264"><subfield code="a">Salzburg</subfield><subfield code="a">Wien</subfield><subfield code="b">Residenz</subfield><subfield code="c">[1993]</subfield></datafield><datafield ind1=" " ind2="4" tag="264"><subfield code="c">© 1993</subfield></datafield><datafield ind1=" " ind2=" " tag="300"><subfield code="a">381 p.</subfield><subfield code="b">ill.</subfield><subfield code="c">19 cm</subfield></datafield><datafield ind1=" " ind2=" " tag="336"><subfield code="b">txt</subfield><subfield code="2">rdacontent</subfield></datafield><datafield ind1=" " ind2=" " tag="337"><subfield code="b">n</subfield><subfield code="2">rdamedia</subfield></datafield><datafield ind1=" " ind2=" " tag="338"><subfield code="b">nc</subfield><subfield code="2">rdacarrier</subfield></datafield><datafield ind1="1" ind2=" " tag="490"><subfield code="a">Eine österreichische Bibliothek</subfield></datafield><datafield ind1="1" ind2="0" tag="600"><subfield code="a">Rosegger, Peter</subfield><subfield code="d">1843-1918</subfield></datafield><datafield ind1=" " ind2="0" tag="650"><subfield code="a">Authors, Austrian</subfield><subfield code="y">19th century</subfield><subfield code="v">Biography</subfield></datafield><datafield ind1="1" ind2="2" tag="700"><subfield code="a">Rosegger, Peter</subfield><subfield code="d">1843-1918</subfield><subfield code="t">&lt;&lt;Die&gt;&gt; Schriften des Waldschulmeisters</subfield></datafield><datafield ind1="1" ind2="2" tag="700"><subfield code="a">Rosegger, Peter</subfield><subfield code="d">1843-1918</subfield><subfield code="t">&lt;&lt;Die&gt;&gt; Schriften des Waldschulmeisters</subfield></datafield><datafield ind1="1" ind2=" " tag="700"><subfield code="a">Wagner, Karl</subfield><subfield code="d">1950-</subfield><subfield code="0">(DE-588)12077464X</subfield><subfield code="6">880-03</subfield></datafield><datafield ind1="1" ind2=" " tag="880"><subfield code="a">Wagner, Karl</subfield><subfield code="0">(RERO)A003953185</subfield><subfield code="6">700-03</subfield></datafield><datafield ind1="0" ind2="2" tag="740"><subfield code="a">&lt;&lt;und, Die&gt;&gt; Schriften des Waldschulmeisters</subfield></datafield><datafield ind1=" " ind2=" " tag="830"><subfield code="a">&lt;&lt;Eine&gt;&gt; österreichische Bibliothek</subfield><subfield code="p">Residenz</subfield><subfield code="w">(RERO)1788280-41slsp</subfield></datafield><datafield ind1=" " ind2=" " tag="900"><subfield code="a">REROnoselfmerge</subfield></datafield></record>
</metadata></record>