<record><header><identifier>oai:alma.41SLSP_UGE:991000031969705502</identifier><datestamp>2023-06-28T00:12:34Z</datestamp><setSpec>uge_bcen_RapidILL_BOOK</setSpec><setSpec>uge_aaca_RapidILL_BOOK</setSpec><setSpec>uge_abels_RapidILL_BOOK</setSpec><setSpec>uge_dbu_RapidILL_BOOK</setSpec><setSpec>uge_cmu_RapidILL_BOOK</setSpec><setSpec>uge_mail_RapidILL_BOOK</setSpec><setSpec>uge_abbat_RapidILL_BOOK</setSpec><setSpec>UNIGE_ALL</setSpec><setSpec>uge_acar_RapidILL_BOOK</setSpec><setSpec>uge_aobs_RapidILL_BOOK</setSpec></header><metadata>
<record xmlns="http://www.loc.gov/MARC21/slim" xmlns:xsi="http://www.w3.org/2001/XMLSchema-instance" xsi:schemaLocation="http://www.loc.gov/MARC21/slim http://www.loc.gov/standards/marcxml/schema/MARC21slim.xsd"><leader>03643nam a2200817 c 4500</leader><controlfield tag="001">991000031969705502</controlfield><controlfield tag="005">20230327184420.0</controlfield><controlfield tag="008">201011t19921992gw ||||| |||| 00| ||ger d</controlfield><datafield ind1=" " ind2=" " tag="020"><subfield code="a">3531073168</subfield></datafield><datafield ind1=" " ind2=" " tag="035"><subfield code="a">(swissbib)223888451-41slsp_network</subfield></datafield><datafield ind1=" " ind2=" " tag="035"><subfield code="a">223888451</subfield><subfield code="9">ExL</subfield></datafield><datafield ind1=" " ind2=" " tag="035"><subfield code="a">(RERO)1783876-41slsp</subfield></datafield><datafield ind1=" " ind2=" " tag="035"><subfield code="a">(NEBIS)000659584EBI01</subfield></datafield><datafield ind1=" " ind2=" " tag="035"><subfield code="a">(IDSBB)000866164DSV01</subfield></datafield><datafield ind1=" " ind2=" " tag="035"><subfield code="a">(EXLNZ-41SLSP_NETWORK)991109019439705501</subfield></datafield><datafield ind1=" " ind2=" " tag="040"><subfield code="a">RERO geulsa</subfield><subfield code="d">CH-ZuSLS</subfield></datafield><datafield ind1=" " ind2="7" tag="072"><subfield code="a">ar</subfield><subfield code="2">rero</subfield></datafield><datafield ind1=" " ind2="7" tag="072"><subfield code="a">kh</subfield><subfield code="2">SzZuIDS BS/BE</subfield></datafield><datafield ind1=" " ind2=" " tag="084"><subfield code="a">6,14</subfield><subfield code="2">ssgn</subfield></datafield><datafield ind1=" " ind2=" " tag="084"><subfield code="a">AX 11010</subfield><subfield code="2">rvk</subfield></datafield><datafield ind1=" " ind2=" " tag="084"><subfield code="a">AX 11110</subfield><subfield code="2">rvk</subfield></datafield><datafield ind1=" " ind2=" " tag="084"><subfield code="a">AX 11200</subfield><subfield code="2">rvk</subfield></datafield><datafield ind1=" " ind2=" " tag="084"><subfield code="a">AX 69750</subfield><subfield code="2">rvk</subfield></datafield><datafield ind1=" " ind2=" " tag="084"><subfield code="a">LF 5050</subfield><subfield code="2">rvk</subfield></datafield><datafield ind1="1" ind2=" " tag="100"><subfield code="a">Himmelmann, Nikolaus</subfield><subfield code="d">1929-2013</subfield><subfield code="0">(DE-588)116893788</subfield><subfield code="6">880-01</subfield></datafield><datafield ind1="1" ind2=" " tag="880"><subfield code="a">Himmelmann, Nikolaus</subfield><subfield code="0">(RERO)A000080400</subfield><subfield code="6">100-01</subfield></datafield><datafield ind1="1" ind2="0" tag="245"><subfield code="a">Archäologische Forschungen im Akademischen Kunstmuseum der Universität Bonn</subfield><subfield code="b">die griechisch-ägyptischen Beziehungen</subfield><subfield code="c">Nikolaus Himmelmann ; mit einem Katalog von Wilfred Geominy</subfield></datafield><datafield ind1=" " ind2="1" tag="264"><subfield code="a">Opladen</subfield><subfield code="b">Westdeutscher Verl.</subfield><subfield code="c">[1992]</subfield></datafield><datafield ind1=" " ind2="4" tag="264"><subfield code="c">© 1992</subfield></datafield><datafield ind1=" " ind2=" " tag="300"><subfield code="a">80 p.</subfield><subfield code="b">ill.</subfield><subfield code="c">24 cm</subfield></datafield><datafield ind1=" " ind2=" " tag="336"><subfield code="b">txt</subfield><subfield code="2">rdacontent</subfield></datafield><datafield ind1=" " ind2=" " tag="337"><subfield code="b">n</subfield><subfield code="2">rdamedia</subfield></datafield><datafield ind1=" " ind2=" " tag="338"><subfield code="b">nc</subfield><subfield code="2">rdacarrier</subfield></datafield><datafield ind1="1" ind2=" " tag="490"><subfield code="a">Vorträge / Rheinisch-Westfälische Akademie der Wissenschaften. Geisteswissenschaften</subfield><subfield code="v">G 316</subfield></datafield><datafield ind1="2" ind2="7" tag="610"><subfield code="a">Akademisches Kunstmuseum</subfield><subfield code="g">Bonn</subfield><subfield code="0">(IDREF)027751953</subfield><subfield code="2">idref</subfield></datafield><datafield ind1="2" ind2="7" tag="610"><subfield code="a">Rheinische Friedrich-Wilhelms-Universität Bonn</subfield><subfield code="b">Akademisches Kunstmuseum</subfield><subfield code="0">(DE-588)2003740-5</subfield><subfield code="2">gnd</subfield></datafield><datafield ind1="2" ind2="0" tag="610"><subfield code="a">Universität Bonn</subfield><subfield code="b">Akademisches Kunstmuseum</subfield></datafield><datafield ind1=" " ind2="7" tag="648"><subfield code="a">Geschichte 1500 v. Chr.-500</subfield><subfield code="2">gnd</subfield></datafield><datafield ind1=" " ind2="7" tag="650"><subfield code="a">Antiquités égyptiennes</subfield><subfield code="0">(IDREF)029241693</subfield><subfield code="2">idref</subfield></datafield><datafield ind1=" " ind2="7" tag="650"><subfield code="a">archéologie grecque</subfield><subfield code="0">(RERO)A009959715</subfield><subfield code="2">rerovoc</subfield></datafield><datafield ind1=" " ind2="7" tag="650"><subfield code="a">Altertümer</subfield><subfield code="0">(DE-588)4201096-2</subfield><subfield code="2">gnd</subfield></datafield><datafield ind1=" " ind2="7" tag="650"><subfield code="a">Kulturbeziehungen</subfield><subfield code="0">(DE-588)4033552-5</subfield><subfield code="2">gnd</subfield></datafield><datafield ind1=" " ind2="7" tag="650"><subfield code="a">Kunst</subfield><subfield code="0">(DE-588)4114333-4</subfield><subfield code="2">gnd</subfield></datafield><datafield ind1=" " ind2="7" tag="650"><subfield code="a">Kunstwerk</subfield><subfield code="0">(DE-588)4123592-7</subfield><subfield code="2">gnd</subfield></datafield><datafield ind1=" " ind2="0" tag="650"><subfield code="a">Art, Egyptian</subfield><subfield code="x">Influence</subfield></datafield><datafield ind1=" " ind2="0" tag="650"><subfield code="a">Art, Greek</subfield></datafield><datafield ind1=" " ind2="7" tag="650"><subfield code="a">ALTÄGYPTISCHE KUNST</subfield><subfield code="9">ger</subfield><subfield code="0">(ETHUDK)000035254</subfield><subfield code="2">ethudk</subfield></datafield><datafield ind1=" " ind2="7" tag="650"><subfield code="a">ARCHÄOLOGISCHE MUSEEN + ARCHÄOLOGISCHE SAMMLUNGEN</subfield><subfield code="9">ger</subfield><subfield code="0">(ETHUDK)000042990</subfield><subfield code="2">ethudk</subfield></datafield><datafield ind1=" " ind2="7" tag="650"><subfield code="a">GRIECHISCH-KLASSISCHE KUNST</subfield><subfield code="9">ger</subfield><subfield code="0">(ETHUDK)000035260</subfield><subfield code="2">ethudk</subfield></datafield><datafield ind1=" " ind2="7" tag="650"><subfield code="a">GRIECHISCHE ARCHAEOLOGIE</subfield><subfield code="9">ger</subfield><subfield code="0">(ETHUDK)000043789</subfield><subfield code="2">ethudk</subfield></datafield><datafield ind1=" " ind2="7" tag="650"><subfield code="a">KULTURKONTAKTE + KULTURWANDEL + AKKULTURATION</subfield><subfield code="9">ger</subfield><subfield code="0">(ETHUDK)000009092</subfield><subfield code="2">ethudk</subfield></datafield><datafield ind1=" " ind2="7" tag="650"><subfield code="a">MUSEUMSKATALOGE</subfield><subfield code="9">ger</subfield><subfield code="0">(ETHUDK)000009327</subfield><subfield code="2">ethudk</subfield></datafield><datafield ind1=" " ind2="7" tag="650"><subfield code="a">SAMMLUNGSKATALOGE VON KUNSTSAMMLUNGEN</subfield><subfield code="9">ger</subfield><subfield code="0">(ETHUDK)000009328</subfield><subfield code="2">ethudk</subfield></datafield><datafield ind1=" " ind2="7" tag="650"><subfield code="a">ÄGYPTISCHE ARCHÄOLOGIE</subfield><subfield code="9">ger</subfield><subfield code="0">(ETHUDK)000046463</subfield><subfield code="2">ethudk</subfield></datafield><datafield ind1=" " ind2="7" tag="650"><subfield code="a">Kunst</subfield><subfield code="z">griechische</subfield><subfield code="x">Museum</subfield><subfield code="2">idsbb</subfield></datafield><datafield ind1=" " ind2="7" tag="650"><subfield code="a">Kunst</subfield><subfield code="z">Ägypten (altes)</subfield><subfield code="x">Museum</subfield><subfield code="2">idsbb</subfield></datafield><datafield ind1=" " ind2="7" tag="651"><subfield code="a">Ägypten</subfield><subfield code="g">Altertum</subfield><subfield code="0">(DE-588)4068430-1</subfield><subfield code="2">gnd</subfield></datafield><datafield ind1=" " ind2="7" tag="651"><subfield code="a">Griechenland</subfield><subfield code="g">Altertum</subfield><subfield code="0">(DE-588)4093976-5</subfield><subfield code="2">gnd</subfield></datafield><datafield ind1=" " ind2="7" tag="651"><subfield code="a">Ägypten</subfield><subfield code="0">(DE-588)4000556-2</subfield><subfield code="2">gnd</subfield></datafield><datafield ind1=" " ind2="0" tag="651"><subfield code="a">Egypt</subfield><subfield code="x">Antiquities</subfield></datafield><datafield ind1=" " ind2="0" tag="651"><subfield code="a">Greece</subfield><subfield code="x">Antiquities</subfield></datafield><datafield ind1=" " ind2="0" tag="651"><subfield code="a">Greece</subfield><subfield code="x">Civilization</subfield><subfield code="x">Egyptian influences</subfield></datafield><datafield ind1=" " ind2="7" tag="651"><subfield code="a">Bonn</subfield><subfield code="x">Museum</subfield><subfield code="2">idsbb</subfield></datafield><datafield ind1=" " ind2="7" tag="651"><subfield code="a">Griechenland (altes)</subfield><subfield code="z">Ägypten (altes)</subfield><subfield code="2">idsbb</subfield></datafield><datafield ind1=" " ind2="7" tag="651"><subfield code="a">Ägypten (altes)</subfield><subfield code="z">Griechenland (altes)</subfield><subfield code="2">idsbb</subfield></datafield><datafield ind1="1" ind2=" " tag="700"><subfield code="a">Geominy, Wilfried</subfield></datafield><datafield ind1="1" ind2=" " tag="700"><subfield code="a">Geominy, Wilfred</subfield><subfield code="0">(IDREF)057067422</subfield></datafield><datafield ind1="2" ind2=" " tag="710"><subfield code="a">Rheinische Friedrich-Wilhelms-Universität Bonn</subfield><subfield code="b">Akademisches Kunstmuseum</subfield><subfield code="0">(DE-588)2003740-5</subfield></datafield><datafield ind1="2" ind2=" " tag="710"><subfield code="a">Rheinisch-westfälische Akademie der Wissenschaften</subfield><subfield code="g">1970-1993</subfield><subfield code="0">(IDREF)026419971</subfield></datafield><datafield ind1=" " ind2=" " tag="830"><subfield code="a">Vorträge</subfield><subfield code="p">Geisteswissenschaften</subfield><subfield code="v">316</subfield><subfield code="w">(IDSBB)000011082DSV01</subfield></datafield><datafield ind1=" " ind2=" " tag="900"><subfield code="a">REROnoselfmerge</subfield></datafield><datafield ind1=" " ind2=" " tag="900"><subfield code="f">IDSU2medea</subfield></datafield></record>
</metadata></record>