<record><header><identifier>oai:alma.41SLSP_UGE:991000032799705502</identifier><datestamp>2023-03-01T01:08:55Z</datestamp><setSpec>uge_bcen_RapidILL_BOOK</setSpec><setSpec>uge_aaca_RapidILL_BOOK</setSpec><setSpec>uge_abels_RapidILL_BOOK</setSpec><setSpec>uge_dbu_RapidILL_BOOK</setSpec><setSpec>uge_cmu_RapidILL_BOOK</setSpec><setSpec>uge_mail_RapidILL_BOOK</setSpec><setSpec>UNIGE_ALL</setSpec><setSpec>uge_abbat_RapidILL_BOOK</setSpec><setSpec>uge_aobs_RapidILL_BOOK</setSpec><setSpec>uge_acar_RapidILL_BOOK</setSpec></header><metadata>
<record xmlns="http://www.loc.gov/MARC21/slim" xmlns:xsi="http://www.w3.org/2001/XMLSchema-instance" xsi:schemaLocation="http://www.loc.gov/MARC21/slim http://www.loc.gov/standards/marcxml/schema/MARC21slim.xsd"><leader>01437nam a2200373 c 4500</leader><controlfield tag="001">991000032799705502</controlfield><controlfield tag="005">20211112212625.0</controlfield><controlfield tag="008">961202m1949uuuugw ||||| |||| 00| ||ger d</controlfield><datafield ind1=" " ind2=" " tag="020"><subfield code="a">3451130815</subfield><subfield code="q">Bd. 1</subfield></datafield><datafield ind1=" " ind2=" " tag="020"><subfield code="a">3451130823</subfield><subfield code="q">Bd. 2</subfield></datafield><datafield ind1=" " ind2=" " tag="020"><subfield code="a">3451174219</subfield><subfield code="q">Bd. 4/1</subfield></datafield><datafield ind1=" " ind2=" " tag="020"><subfield code="a">3451174227</subfield><subfield code="q">Bd. 4/2</subfield></datafield><datafield ind1=" " ind2=" " tag="035"><subfield code="a">(swissbib)076881369-41slsp_network</subfield></datafield><datafield ind1=" " ind2=" " tag="035"><subfield code="a">076881369</subfield><subfield code="9">ExL</subfield></datafield><datafield ind1=" " ind2=" " tag="035"><subfield code="a">(RERO)0077637-41slsp</subfield></datafield><datafield ind1=" " ind2=" " tag="035"><subfield code="a">(EXLNZ-41SLSP_NETWORK)991159166499705501</subfield></datafield><datafield ind1=" " ind2=" " tag="040"><subfield code="a">RERO</subfield><subfield code="d">CH-ZuSLS</subfield></datafield><datafield ind1=" " ind2="7" tag="072"><subfield code="a">ht</subfield><subfield code="2">rero</subfield></datafield><datafield ind1=" " ind2="7" tag="072"><subfield code="a">th</subfield><subfield code="2">rero</subfield></datafield><datafield ind1=" " ind2=" " tag="084"><subfield code="a">EF 2 g</subfield><subfield code="2">cjurrom</subfield></datafield><datafield ind1="1" ind2=" " tag="100"><subfield code="a">Jedin, Hubert</subfield><subfield code="d">1900-1980</subfield><subfield code="0">(IDREF)034679197</subfield><subfield code="4">cre</subfield></datafield><datafield ind1="1" ind2="0" tag="245"><subfield code="a">Geschichte des Konzils von Trient</subfield><subfield code="c">Hubert Jedin</subfield></datafield><datafield ind1=" " ind2=" " tag="250"><subfield code="a">[Verschiedene Aufl.]</subfield></datafield><datafield ind1=" " ind2="1" tag="264"><subfield code="a">Freiburg i. Br.</subfield><subfield code="a">Basel</subfield><subfield code="b">Herder</subfield><subfield code="c">1949-</subfield></datafield><datafield ind1=" " ind2=" " tag="300"><subfield code="a">5 Bde.</subfield></datafield><datafield ind1=" " ind2=" " tag="336"><subfield code="b">txt</subfield><subfield code="2">rdacontent</subfield></datafield><datafield ind1=" " ind2=" " tag="337"><subfield code="b">n</subfield><subfield code="2">rdamedia</subfield></datafield><datafield ind1=" " ind2=" " tag="338"><subfield code="b">nc</subfield><subfield code="2">rdacarrier</subfield></datafield><datafield ind1="0" ind2=" " tag="505"><subfield code="a">Bd. 1: Der Kampf um das Konzil</subfield></datafield><datafield ind1="0" ind2=" " tag="505"><subfield code="a">Bd. 2: Die erste Trienter Tagunsperiode 1545/47</subfield></datafield><datafield ind1="0" ind2=" " tag="505"><subfield code="a">Bd. 3: Bologneser Tagung (1547/48) : zweite Trienter Tagungsperiode (1551/52)</subfield></datafield><datafield ind1="0" ind2=" " tag="505"><subfield code="a">Bd. 4, Halbbd. 1: Dritte Tagungsperiode und Abschluss : Frankreich und der neue Anfang in Trient bis zum Tode der Legaten Gonzaga und Seripando</subfield></datafield><datafield ind1="0" ind2=" " tag="505"><subfield code="a">Bd. 4, Halbbd. 2: Dritte Tagungsperiode und Abschluss : Ueberwindung der Krise durch Morone, Schliessung und Bestaetigung</subfield></datafield><datafield ind1="2" ind2="7" tag="611"><subfield code="a">Concile de Trente</subfield><subfield code="d">1545-1563</subfield><subfield code="0">(RERO)A009978114</subfield><subfield code="2">rero</subfield></datafield><datafield ind1=" " ind2=" " tag="900"><subfield code="a">REROnoselfmerge</subfield></datafield></record>
</metadata></record><record><header status="deleted"><identifier>oai:alma.41SLSP_UGE:991000032279705502</identifier><datestamp>2023-09-09T00:44:23Z</datestamp><setSpec>uge_bcen_RapidILL_BOOK</setSpec><setSpec>uge_aaca_RapidILL_BOOK</setSpec><setSpec>uge_abels_RapidILL_BOOK</setSpec><setSpec>uge_dbu_RapidILL_BOOK</setSpec><setSpec>uge_cmu_RapidILL_BOOK</setSpec><setSpec>uge_mail_RapidILL_BOOK</setSpec><setSpec>uge_abbat_RapidILL_BOOK</setSpec><setSpec>UNIGE_ALL</setSpec><setSpec>uge_acar_RapidILL_BOOK</setSpec><setSpec>uge_aobs_RapidILL_BOOK</setSpec></header></record>