<record><header><identifier>oai:alma.41SLSP_UGE:991000032379705502</identifier><datestamp>2024-08-31T00:18:40Z</datestamp><setSpec>uge_bcen_RapidILL_BOOK</setSpec><setSpec>uge_aaca_RapidILL_BOOK</setSpec><setSpec>uge_abels_RapidILL_BOOK</setSpec><setSpec>uge_dbu_RapidILL_BOOK</setSpec><setSpec>uge_cmu_RapidILL_BOOK</setSpec><setSpec>uge_mail_RapidILL_BOOK</setSpec><setSpec>uge_abbat_RapidILL_BOOK</setSpec><setSpec>UNIGE_ALL</setSpec><setSpec>uge_acar_RapidILL_BOOK</setSpec><setSpec>uge_aobs_RapidILL_BOOK</setSpec></header><metadata>
<record xmlns="http://www.loc.gov/MARC21/slim" xmlns:xsi="http://www.w3.org/2001/XMLSchema-instance" xsi:schemaLocation="http://www.loc.gov/MARC21/slim http://www.loc.gov/standards/marcxml/schema/MARC21slim.xsd"><leader>02446ncm a2200601 ca4500</leader><controlfield tag="001">991000032379705502</controlfield><controlfield tag="005">20240830162321.0</controlfield><controlfield tag="008">201012s2006    xxu||l||            und d</controlfield><datafield ind1=" " ind2=" " tag="020"><subfield code="a">0895795914</subfield><subfield code="q">part 1</subfield></datafield><datafield ind1=" " ind2=" " tag="020"><subfield code="a">0895795922</subfield><subfield code="q">part 2</subfield></datafield><datafield ind1=" " ind2=" " tag="020"><subfield code="a">9780895795922</subfield><subfield code="q">Part 2</subfield></datafield><datafield ind1=" " ind2=" " tag="020"><subfield code="a">9780895795915</subfield><subfield code="q">Part 1</subfield></datafield><datafield ind1=" " ind2=" " tag="035"><subfield code="a">(swissbib)23800032X-41slsp_network</subfield></datafield><datafield ind1=" " ind2=" " tag="035"><subfield code="a">23800032X</subfield><subfield code="9">ExL</subfield></datafield><datafield ind1=" " ind2=" " tag="035"><subfield code="a">(RERO)R004216000-41slsp</subfield></datafield><datafield ind1=" " ind2=" " tag="035"><subfield code="a">(NEBIS)009201401EBI01</subfield></datafield><datafield ind1=" " ind2=" " tag="035"><subfield code="a">(IDSBB)003958867DSV01</subfield></datafield><datafield ind1=" " ind2=" " tag="035"><subfield code="a">(EXLNZ-41SLSP_NETWORK)991035408569705501</subfield></datafield><datafield ind1=" " ind2=" " tag="040"><subfield code="a">RERO frbcuc</subfield><subfield code="d">CH-ZuSLS</subfield></datafield><datafield ind1="0" ind2=" " tag="041"><subfield code="a">eng</subfield><subfield code="a">ita</subfield></datafield><datafield ind1=" " ind2="7" tag="072"><subfield code="a">mu</subfield><subfield code="2">rero</subfield></datafield><datafield ind1=" " ind2="7" tag="072"><subfield code="a">mu</subfield><subfield code="2">SzZuIDS BS/BE</subfield></datafield><datafield ind1="1" ind2="4" tag="082"><subfield code="a">780</subfield><subfield code="2">15</subfield></datafield><datafield ind1="1" ind2=" " tag="100"><subfield code="a">Castaldi, Bellerofonte</subfield><subfield code="d">1580-1649</subfield><subfield code="0">(DE-588)128441062</subfield><subfield code="6">880-01</subfield></datafield><datafield ind1="1" ind2=" " tag="880"><subfield code="6">100-01</subfield><subfield code="a">Castaldi, Bellerofonte</subfield><subfield code="d">1580-1649</subfield><subfield code="0">(IDREF)157616673</subfield><subfield code="4">cre</subfield></datafield><datafield ind1="1" ind2="0" tag="240"><subfield code="a">Capriccios</subfield></datafield><datafield ind1="1" ind2="0" tag="245"><subfield code="a">Capricci</subfield><subfield code="b">(1622)</subfield><subfield code="c">Bellerofonte Castaldi ; ed. by David Dolata</subfield></datafield><datafield ind1=" " ind2="1" tag="264"><subfield code="a">Middleton Wis.</subfield><subfield code="b">A-R Ed.</subfield><subfield code="c">2006</subfield></datafield><datafield ind1=" " ind2=" " tag="300"><subfield code="a">2 Parts (Partituren)</subfield><subfield code="b">Ill.</subfield></datafield><datafield ind1=" " ind2=" " tag="336"><subfield code="b">ntm</subfield><subfield code="2">rdacontent</subfield></datafield><datafield ind1=" " ind2=" " tag="337"><subfield code="b">n</subfield><subfield code="2">rdamedia</subfield></datafield><datafield ind1=" " ind2=" " tag="338"><subfield code="b">nc</subfield><subfield code="2">rdacarrier</subfield></datafield><datafield ind1=" " ind2=" " tag="348"><subfield code="a">Partitur</subfield><subfield code="2">gnd-music</subfield></datafield><datafield ind1=" " ind2=" " tag="348"><subfield code="a">partition</subfield><subfield code="2">gnd-music/fre</subfield></datafield><datafield ind1=" " ind2=" " tag="348"><subfield code="a">partitura</subfield><subfield code="2">gnd-music/ita</subfield></datafield><datafield ind1=" " ind2=" " tag="382"><subfield code="a">Theorbe</subfield><subfield code="n">2</subfield><subfield code="2">idsmusi</subfield></datafield><datafield ind1=" " ind2=" " tag="382"><subfield code="a">Theorbe</subfield><subfield code="n">1</subfield><subfield code="2">idsmusi</subfield></datafield><datafield ind1="1" ind2=" " tag="490"><subfield code="a">Recent researches in the music of the baroque era</subfield><subfield code="v">142-143</subfield></datafield><datafield ind1=" " ind2=" " tag="500"><subfield code="a">Kommentar engl., Gesangstext ital.</subfield></datafield><datafield ind1=" " ind2=" " tag="500"><subfield code="a">Ital. Lautentabulatur mit paralleler mensuraler Übertragung ; in Part 2 auch sechs Lieder mit ital. Text und engl. Übersetzung</subfield></datafield><datafield ind1=" " ind2=" " tag="500"><subfield code="a">Krit. Berichte: Part 1 S. 177ff., Part 2 S. 159ff</subfield></datafield><datafield ind1=" " ind2=" " tag="500"><subfield code="a">Titel des Originals: Capricci a due stromenti cioè tiorba e tiorbino e per sonar solo varie sorti di balli e fantasticarie</subfield></datafield><datafield ind1="0" ind2="0" tag="505"><subfield code="g">Part 1</subfield><subfield code="t">Duos for theorbo and tiorbino</subfield><subfield code="t">Sonatasfor theorbo</subfield></datafield><datafield ind1="0" ind2="0" tag="505"><subfield code="g">Part 2</subfield><subfield code="t">Dances and other works for theorbo</subfield><subfield code="t">Songs with tablature accompaniment</subfield></datafield><datafield ind1=" " ind2="7" tag="655"><subfield code="a">Capriccio</subfield><subfield code="y">17. Jh.</subfield><subfield code="2">idsmusg</subfield></datafield><datafield ind1=" " ind2="7" tag="655"><subfield code="a">Sonate</subfield><subfield code="y">17. Jh.</subfield><subfield code="2">idsmusg</subfield></datafield><datafield ind1=" " ind2="7" tag="655"><subfield code="a">Tanz</subfield><subfield code="y">17. Jh.</subfield><subfield code="2">idsmusg</subfield></datafield><datafield ind1=" " ind2=" " tag="690"><subfield code="a">Theorbe</subfield><subfield code="2">uzb-UV</subfield></datafield><datafield ind1=" " ind2=" " tag="690"><subfield code="a">Capriccio</subfield><subfield code="q">Theorbe (2)</subfield><subfield code="t">17. Jh.</subfield><subfield code="v">Noten</subfield><subfield code="2">ids-music</subfield></datafield><datafield ind1=" " ind2=" " tag="690"><subfield code="a">Sonate</subfield><subfield code="q">Theorbe</subfield><subfield code="t">17. Jh.</subfield><subfield code="v">Noten</subfield><subfield code="2">ids-music</subfield></datafield><datafield ind1=" " ind2=" " tag="690"><subfield code="a">Tanz</subfield><subfield code="q">Theorbe</subfield><subfield code="t">17. Jh.</subfield><subfield code="v">Noten</subfield><subfield code="2">ids-music</subfield></datafield><datafield ind1="1" ind2=" " tag="700"><subfield code="a">Dolata, David</subfield><subfield code="d">19..-....</subfield><subfield code="0">(IDREF)157616975</subfield></datafield><datafield ind1=" " ind2="0" tag="830"><subfield code="a">Recent researches in the music of the baroque era</subfield><subfield code="v">142-143</subfield><subfield code="w">(RERO)0613905-41slsp</subfield></datafield><datafield ind1=" " ind2=" " tag="900"><subfield code="a">REROnoselfmerge</subfield></datafield><datafield ind1=" " ind2=" " tag="960"><subfield code="2">matmu</subfield><subfield code="a">Italie ; XVIIe ; Baroque ; Caprices ; Capricci ; Théorbe ; Sonates ; Duos ; Instruments à cordes ; Tablature</subfield><subfield code="9">LOCAL</subfield></datafield></record>
</metadata></record>