<record><header><identifier>oai:alma.41SLSP_UGE:991000032609705502</identifier><datestamp>2024-04-11T00:23:55Z</datestamp><setSpec>uge_bcen_RapidILL_BOOK</setSpec><setSpec>uge_aaca_RapidILL_BOOK</setSpec><setSpec>uge_abels_RapidILL_BOOK</setSpec><setSpec>uge_dbu_RapidILL_BOOK</setSpec><setSpec>uge_cmu_RapidILL_BOOK</setSpec><setSpec>uge_mail_RapidILL_BOOK</setSpec><setSpec>uge_abbat_RapidILL_BOOK</setSpec><setSpec>UNIGE_ALL</setSpec><setSpec>uge_aobs_RapidILL_BOOK</setSpec><setSpec>uge_acar_RapidILL_BOOK</setSpec></header><metadata>
<record xmlns="http://www.loc.gov/MARC21/slim" xmlns:xsi="http://www.w3.org/2001/XMLSchema-instance" xsi:schemaLocation="http://www.loc.gov/MARC21/slim http://www.loc.gov/standards/marcxml/schema/MARC21slim.xsd"><leader>13980nam a2201297 c 4500</leader><controlfield tag="001">991000032609705502</controlfield><controlfield tag="005">20240410141215.0</controlfield><controlfield tag="007">tu</controlfield><controlfield tag="008">201011s2017    gw ||||| m||| 00| ||ger| </controlfield><datafield ind1=" " ind2=" " tag="015"><subfield code="a">17,A22</subfield><subfield code="a">17,H06</subfield><subfield code="z">17,N15</subfield><subfield code="2">dnb</subfield></datafield><datafield ind1="7" ind2=" " tag="016"><subfield code="a">1129115984</subfield><subfield code="2">DE-101</subfield></datafield><datafield ind1=" " ind2=" " tag="020"><subfield code="a">3848735334</subfield><subfield code="q">Print</subfield></datafield><datafield ind1=" " ind2=" " tag="020"><subfield code="z">9783845278667</subfield><subfield code="q">Nomos/ePDF</subfield></datafield><datafield ind1=" " ind2=" " tag="020"><subfield code="a">9783848735334</subfield><subfield code="q">Nomos/Print</subfield></datafield><datafield ind1=" " ind2=" " tag="020"><subfield code="a">9783037519059</subfield><subfield code="q">Dike</subfield><subfield code="c">CHF 164.-</subfield></datafield><datafield ind1=" " ind2=" " tag="035"><subfield code="a">(swissbib)219322945-41slsp_network</subfield></datafield><datafield ind1=" " ind2=" " tag="035"><subfield code="a">219322945</subfield><subfield code="9">ExL</subfield></datafield><datafield ind1=" " ind2=" " tag="035"><subfield code="a">(IDSBB)006729527DSV01</subfield></datafield><datafield ind1=" " ind2=" " tag="035"><subfield code="a">(NEBIS)010926860EBI01</subfield></datafield><datafield ind1=" " ind2=" " tag="035"><subfield code="a">(IDSSG)000972919HSB01</subfield></datafield><datafield ind1=" " ind2=" " tag="035"><subfield code="a">(RERO)R008709571-41slsp</subfield></datafield><datafield ind1=" " ind2=" " tag="035"><subfield code="a">(DE-599)DNB1129115984</subfield></datafield><datafield ind1=" " ind2=" " tag="035"><subfield code="a">(OCoLC)982378065</subfield></datafield><datafield ind1=" " ind2=" " tag="035"><subfield code="a">(EXLNZ-41SLSP_NETWORK)991029245849705501</subfield></datafield><datafield ind1=" " ind2=" " tag="040"><subfield code="a">GWDNB</subfield><subfield code="b">ger</subfield><subfield code="e">rda</subfield><subfield code="d">CH-ZuSLS</subfield></datafield><datafield ind1="0" ind2=" " tag="041"><subfield code="a">ger</subfield></datafield><datafield ind1=" " ind2=" " tag="044"><subfield code="c">XA-DE-BW</subfield><subfield code="c">XA-CH</subfield></datafield><datafield ind1=" " ind2="7" tag="072"><subfield code="a">dr</subfield><subfield code="2">rero</subfield></datafield><datafield ind1="0" ind2="4" tag="082"><subfield code="a">340</subfield><subfield code="2">23</subfield></datafield><datafield ind1="0" ind2="4" tag="082"><subfield code="a">345.4302323</subfield><subfield code="q">DE-101</subfield><subfield code="2">22/ger</subfield></datafield><datafield ind1="1" ind2="4" tag="082"><subfield code="a">340</subfield><subfield code="2">15</subfield></datafield><datafield ind1=" " ind2=" " tag="084"><subfield code="a">340</subfield><subfield code="2">sdnb</subfield></datafield><datafield ind1=" " ind2=" " tag="084"><subfield code="a">PH 3520</subfield><subfield code="2">rvk</subfield></datafield><datafield ind1=" " ind2=" " tag="084"><subfield code="a">PH 3610</subfield><subfield code="2">rvk</subfield></datafield><datafield ind1=" " ind2=" " tag="084"><subfield code="a">PH 8440</subfield><subfield code="2">rvk</subfield></datafield><datafield ind1=" " ind2=" " tag="084"><subfield code="a">CA/D 89.4 h</subfield><subfield code="2">cjurrom</subfield></datafield><datafield ind1=" " ind2=" " tag="084"><subfield code="a">CA/CH 89.4 h</subfield><subfield code="2">cjurrom</subfield></datafield><datafield ind1=" " ind2=" " tag="084"><subfield code="a">CA/I 89.4 h</subfield><subfield code="2">cjurrom</subfield></datafield><datafield ind1=" " ind2=" " tag="084"><subfield code="a">CA/F 89.4 h</subfield><subfield code="2">cjurrom</subfield></datafield><datafield ind1=" " ind2=" " tag="084"><subfield code="a">CA/A 89.4 h</subfield><subfield code="2">cjurrom</subfield></datafield><datafield ind1=" " ind2=" " tag="084"><subfield code="a">CB/USA 89.4 h</subfield><subfield code="2">cjurrom</subfield></datafield><datafield ind1=" " ind2=" " tag="084"><subfield code="a">A 89.4 h</subfield><subfield code="2">cjurrom</subfield></datafield><datafield ind1=" " ind2=" " tag="085"><subfield code="b">345.02</subfield></datafield><datafield ind1=" " ind2=" " tag="085"><subfield code="s">364.1323</subfield></datafield><datafield ind1=" " ind2=" " tag="085"><subfield code="z">2</subfield><subfield code="s">43</subfield></datafield><datafield ind1="1" ind2=" " tag="100"><subfield code="a">Peters, Kristina</subfield><subfield code="d">1987-</subfield><subfield code="0">(DE-588)113254114X</subfield><subfield code="4">aut</subfield><subfield code="6">880-01</subfield></datafield><datafield ind1="1" ind2=" " tag="880"><subfield code="a">Peters, Kristina</subfield><subfield code="0">(RERO)A027165099</subfield><subfield code="4">cre</subfield><subfield code="6">100-01</subfield></datafield><datafield ind1="1" ind2="0" tag="245"><subfield code="a">Korruption in Volksvertretungen</subfield><subfield code="b">eine Untersuchung zu ihrer strafrechtlichen Bekämpfung unter besonderer Berücksichtigung des § 108e StGB</subfield><subfield code="c">Kristina Peters</subfield></datafield><datafield ind1=" " ind2=" " tag="250"><subfield code="a">1. Auflage</subfield></datafield><datafield ind1=" " ind2="1" tag="264"><subfield code="a">Baden-Baden</subfield><subfield code="b">Nomos</subfield><subfield code="c">2017</subfield></datafield><datafield ind1=" " ind2=" " tag="300"><subfield code="a">769 Seiten</subfield></datafield><datafield ind1=" " ind2=" " tag="336"><subfield code="b">txt</subfield><subfield code="2">rdacontent</subfield></datafield><datafield ind1=" " ind2=" " tag="337"><subfield code="b">n</subfield><subfield code="2">rdamedia</subfield></datafield><datafield ind1=" " ind2=" " tag="338"><subfield code="b">nc</subfield><subfield code="2">rdacarrier</subfield></datafield><datafield ind1="1" ind2=" " tag="490"><subfield code="a">Studien zum Strafrecht</subfield><subfield code="v">Band 76</subfield></datafield><datafield ind1=" " ind2=" " tag="500"><subfield code="a">Zugl.: Diss. jur. München, 2016</subfield></datafield><datafield ind1=" " ind2=" " tag="502"><subfield code="b">Dissertation</subfield><subfield code="c">Ludwig-Maximilians-Universität München</subfield><subfield code="d">2016</subfield></datafield><datafield ind1=" " ind2=" " tag="504"><subfield code="a">Literaturverz.</subfield></datafield><datafield ind1="0" ind2="7" tag="630"><subfield code="a">Übereinkommen der Vereinten Nationen gegen Korruption</subfield><subfield code="f">2001 Oktober 31</subfield><subfield code="0">(DE-588)7582797-9</subfield><subfield code="2">gnd</subfield></datafield><datafield ind1="0" ind2="7" tag="630"><subfield code="a">Criminal law convention on corruption</subfield><subfield code="f">1999 Januar 27</subfield><subfield code="0">(DE-588)4576097-4</subfield><subfield code="2">gnd</subfield></datafield><datafield ind1=" " ind2="7" tag="650"><subfield code="a">Abgeordneter</subfield><subfield code="0">(DE-588)4000135-0</subfield><subfield code="2">gnd</subfield></datafield><datafield ind1=" " ind2="7" tag="650"><subfield code="a">Bekämpfung</subfield><subfield code="0">(DE-588)4112701-8</subfield><subfield code="2">gnd</subfield></datafield><datafield ind1=" " ind2="7" tag="650"><subfield code="a">Parteimitglied</subfield><subfield code="0">(DE-588)4128825-7</subfield><subfield code="2">gnd</subfield></datafield><datafield ind1=" " ind2="7" tag="650"><subfield code="a">Politik</subfield><subfield code="0">(DE-588)4046514-7</subfield><subfield code="2">gnd</subfield></datafield><datafield ind1=" " ind2="7" tag="650"><subfield code="a">Parlamentsrecht</subfield><subfield code="0">(DE-588)4173380-0</subfield><subfield code="2">gnd</subfield></datafield><datafield ind1=" " ind2="7" tag="650"><subfield code="a">Völkerrechtlicher Vertrag</subfield><subfield code="0">(DE-588)4063696-3</subfield><subfield code="2">gnd</subfield></datafield><datafield ind1=" " ind2="7" tag="650"><subfield code="a">Bestechung</subfield><subfield code="0">(DE-588)4144934-4</subfield><subfield code="2">gnd</subfield></datafield><datafield ind1=" " ind2="7" tag="650"><subfield code="a">Strafrecht</subfield><subfield code="0">(DE-588)4057795-8</subfield><subfield code="2">gnd</subfield></datafield><datafield ind1=" " ind2="7" tag="650"><subfield code="a">Mandatsträger</subfield><subfield code="0">(DE-588)4114504-5</subfield><subfield code="2">gnd</subfield></datafield><datafield ind1=" " ind2="7" tag="650"><subfield code="a">Korruption</subfield><subfield code="0">(DE-588)4032524-6</subfield><subfield code="2">gnd</subfield></datafield><datafield ind1=" " ind2="7" tag="650"><subfield code="a">Parlament</subfield><subfield code="0">(DE-588)4044685-2</subfield><subfield code="2">gnd</subfield></datafield><datafield ind1=" " ind2="7" tag="650"><subfield code="a">Bestechung</subfield><subfield code="9">ger</subfield><subfield code="0">(RERO)jurivoc000003591ger</subfield><subfield code="2">jurivoc</subfield></datafield><datafield ind1=" " ind2="7" tag="650"><subfield code="a">Sich Bestechen Lassen</subfield><subfield code="9">ger</subfield><subfield code="0">(RERO)jurivoc000020224ger</subfield><subfield code="2">jurivoc</subfield></datafield><datafield ind1=" " ind2="7" tag="650"><subfield code="a">Beamter</subfield><subfield code="9">ger</subfield><subfield code="0">(RERO)jurivoc000002888ger</subfield><subfield code="2">jurivoc</subfield></datafield><datafield ind1=" " ind2="7" tag="650"><subfield code="a">Bestechung fremder Amtsträger</subfield><subfield code="9">ger</subfield><subfield code="0">(RERO)jurivoc000003593ger</subfield><subfield code="2">jurivoc</subfield></datafield><datafield ind1=" " ind2="7" tag="650"><subfield code="a">Übereinkommen zur Bekämpfung der Bestechung ausländischer Amtsträger</subfield><subfield code="9">ger</subfield><subfield code="0">(RERO)jurivoc000023050ger</subfield><subfield code="2">jurivoc</subfield></datafield><datafield ind1=" " ind2="7" tag="650"><subfield code="a">Rechtsvergleichung</subfield><subfield code="9">ger</subfield><subfield code="0">(RERO)jurivoc000018481ger</subfield><subfield code="2">jurivoc</subfield></datafield><datafield ind1=" " ind2="7" tag="650"><subfield code="a">Droit pénal</subfield><subfield code="0">(IDREF)027466892</subfield><subfield code="2">idref</subfield></datafield><datafield ind1=" " ind2="7" tag="650"><subfield code="a">Parlementaires</subfield><subfield code="0">(IDREF)027245772</subfield><subfield code="2">idref</subfield></datafield><datafield ind1=" " ind2="7" tag="650"><subfield code="a">Sûreté de l'État</subfield><subfield code="0">(IDREF)027263436</subfield><subfield code="2">idref</subfield></datafield><datafield ind1=" " ind2="7" tag="650"><subfield code="a">Corruption politique</subfield><subfield code="0">(IDREF)027260690</subfield><subfield code="2">idref</subfield></datafield><datafield ind1=" " ind2="7" tag="650"><subfield code="a">Droit comparé</subfield><subfield code="0">(IDREF)027741451</subfield><subfield code="2">idref</subfield></datafield><datafield ind1=" " ind2="7" tag="651"><subfield code="a">Deutschland</subfield><subfield code="0">(DE-588)4011882-4</subfield><subfield code="2">gnd</subfield></datafield><datafield ind1=" " ind2="7" tag="651"><subfield code="a">Deutschland</subfield><subfield code="9">ger</subfield><subfield code="0">(RERO)jurivoc000005510ger</subfield><subfield code="2">jurivoc</subfield></datafield><datafield ind1=" " ind2="7" tag="651"><subfield code="a">USA</subfield><subfield code="9">ger</subfield><subfield code="0">(RERO)jurivoc000024080ger</subfield><subfield code="2">jurivoc</subfield></datafield><datafield ind1=" " ind2="7" tag="651"><subfield code="a">Italien</subfield><subfield code="9">ger</subfield><subfield code="0">(RERO)jurivoc000012134ger</subfield><subfield code="2">jurivoc</subfield></datafield><datafield ind1=" " ind2="7" tag="651"><subfield code="a">Österreich</subfield><subfield code="9">ger</subfield><subfield code="0">(RERO)jurivoc000016714ger</subfield><subfield code="2">jurivoc</subfield></datafield><datafield ind1=" " ind2="7" tag="651"><subfield code="a">Schweiz</subfield><subfield code="9">ger</subfield><subfield code="0">(RERO)jurivoc000019912ger</subfield><subfield code="2">jurivoc</subfield></datafield><datafield ind1=" " ind2="7" tag="651"><subfield code="a">Frankreich</subfield><subfield code="9">ger</subfield><subfield code="0">(RERO)jurivoc000008683ger</subfield><subfield code="2">jurivoc</subfield></datafield><datafield ind1=" " ind2="7" tag="651"><subfield code="a">Allemagne</subfield><subfield code="0">(IDREF)027218856</subfield><subfield code="2">idref</subfield></datafield><datafield ind1=" " ind2="7" tag="651"><subfield code="a">Suisse</subfield><subfield code="0">(IDREF)027249654</subfield><subfield code="2">idref</subfield></datafield><datafield ind1=" " ind2="7" tag="651"><subfield code="a">Italie</subfield><subfield code="0">(IDREF)027235408</subfield><subfield code="2">idref</subfield></datafield><datafield ind1=" " ind2="7" tag="651"><subfield code="a">France</subfield><subfield code="0">(IDREF)027226794</subfield><subfield code="2">idref</subfield></datafield><datafield ind1=" " ind2="7" tag="651"><subfield code="a">Autriche</subfield><subfield code="0">(IDREF)027229246</subfield><subfield code="2">idref</subfield></datafield><datafield ind1=" " ind2="7" tag="655"><subfield code="a">Hochschulschrift</subfield><subfield code="2">gnd-content</subfield></datafield><datafield ind1=" " ind2="7" tag="655"><subfield code="a">Thèses et écrits académiques</subfield><subfield code="0">(IDREF)027253139</subfield><subfield code="2">idref</subfield></datafield><datafield ind1=" " ind2=" " tag="690"><subfield code="a">Korruption; Gesetzgebung; Parteienrecht; Gesetzbuch; Souveränität; Strafrecht; Sanktion; Amtsträger; Bundesversammlung; Kriterium; Vermittlungsausschuss; Vertrag; Bundestag; Europaparlament; Straftat; Auslegung; Einleitung; Cc; Gremium; Freiheitsstrafe; Empfehlung; Leistung; Entscheidungsfindung; Verfassung; Absatz; Regelung; Schutz; Anforderung; Auseinandersetzung; Ee; Meinung; Pflege; Regel; Bewertung; Wiederwahl; Beziehung; Eigeninteresse; Vorbehalt; Überzeugung; Aa</subfield><subfield code="2">idssg-J</subfield></datafield><datafield ind1=" " ind2=" " tag="690"><subfield code="a">Bezugshandlung; Abgeordnetenbestechung; Schlussbemerkung; Tathandlung; Bestechungsgesetz; Einschränkungskriterium; Mandatsträgerbestechung; Unrechtsvereinbarung; Klimapflege; Neufassung; Reichsverfassung; Schlussfolgerunge; Strafrechtsänderungsgesetz; Verhaltensregel; Teilnahme; Bestechungsbekämpfung; Beziehungsverhältnis; Gegenleistung; Geldzuwendung; Grenzziehung; Pflichtenbindung; Schutzrichtung; Stimmenthaltung; Strafgesetzgeber; Straflosigkeit; Strafmilderung; Vorteilszuwendung; Amtsträgerbegriff; Bestimmtheitsgebot; Bestimmtheitskriterium; Indizienbeweis; Partikularrecht; Vorteilsbegriff; Amtsträgerdelikt; Ausnahmeregelung; Drittvorteil; Einflussnahme; Evaluierungsrunde; Gesetzesänderung; Handlungsmodalität; Hintergrund; Indizienbewertung; Kausalbeziehung; Rechtsgutsbegriff; Rechtslage; Stimmenkauf; Straflosstellung; Vertragsschluss; Bedeutungsgehalt; Beendigungsbegriff; Bekanntsein; Bundländerkommission; Einschränkungsmöglichkeit; Erfolgsfall; Fallgruppe; Gesetzesentwurf; Lösungsvorschlag; Moralvorstellung; Nebenfolge; Oberbegriff; Pflichtwidrigkeit; Rechtsgutsfähigkeit; Rechtsvergleich; Regelwidrigkeit; Richterwahlausschuss; Rücktrittsmöglichkeit; Schlusswort; Sonderstellung; Tatunrecht; Unrechtsgehalt; Verfassungsmäßigkeit; Verhaltenskauf; Volkssouveränität; Anwendungsbereich; Anwendungsfall; Arbeitskreis; Beendigungszeitpunkt; Bezugspunkt; Bundestagsabgeordneter; Eigennützigkeit; Evaluierungsphase; Geheimhaltungspflicht; Gesamtergebnis; Gesetzesmaterial; Gesetzgebungsorgan; Handlungspflicht; Individualrechtsgut; Inhaltsübersicht; Kritikpunkt; Legislativorgan; Literaturverzeichnis; Mitgliedstaat; Pflichtenkonstellation; Problemkreis; Rechtsgutsgefährdung; Rechtsgutsverletzung; Redebeitrag; Reformbedarf; Reichsstrafgesetzbuch; Schadenseintritt; Schutzgut; Schutzwürdigkeit; Schutzzweck; Stimmenkäufer; Stimmverhalten; Strafrechtsübereinkommen; Straftatbestand; S</subfield><subfield code="2">idssg-J</subfield></datafield><datafield ind1=" " ind2=" " tag="690"><subfield code="a">trafwürdigkeit; Teilgebiet; Universalrechtsgut; Unterorgan; Vermögensgegenstand; Versprechenlassen; Wortlaut; Wählerstimme; Zitierweise</subfield><subfield code="2">idssg-J</subfield></datafield><datafield ind1=" " ind2=" " tag="690"><subfield code="a">aktive Bestechung; aktive Einflussnahme; anerkannte Gepflogenheit; angestellter Amtsträger; ausgewähltes Land; ausländischer Amtsträger; einzelnes Gremium; legislativ Branch; mangelnde Tragfähigkeit; neue Auseinandersetzung; sonstige Verwendung; strafrechtliche Maßnahme; systematische Auslegung; umsetzene Vereinbarung; unmittelbare Wahl; zwischenstaatliche Reise; übergeordneter Zusammenhang; abschließende Bemerkung; abschließende Würdigung; aktive Bestechung; allgemeine Klimapflege; allgemeine Wahl; alte Fassung; anderer Amtsträger; anderer Mandatsträger; anvertraute Macht; ausländischer Auftraggeber; ausländische Reise; ausländischer Staat; ausländischer Transportverkehr; ausserstrafrechtliche Maßnahme; befindliches Gremium; besondere Berücksichtigung; besondere Fallgruppe; besonderer Strafrahmen; bisheriges Ergebnis; deutscher Bundestag; deutscher Mandatsträger; deutscher Strafgesetzgeber; deutscher Verfassungsstaat; deutsche Volksvertretung; deutschsprachiger Raum; drittes Strafrechtsänderungsgesetz; ehemaliger Beamter; eigene Formulierung; eigene Überzeugung; eigentliches Rechtsgut; einfachgesetzliche Regelung; einzelner Straftatbestand; empfohlenes Absehen; empfohlene Ausweitung; empfohlene Einschränkung; empfohlene Konkretisierung; erfasstes Gremium; erfasster Täter; erfolgte Ratifikation; ermitteltes Kriterium; erster Schritt; europäisches Bestechungsgesetz; europäische Gemeinschaft; europäisches Land; europäisches Parlament; europäische Union; explizite Gleichstellung; finanzielle Absicherung; finanzielles Interesse; finanzielle Nebentätigkeit; flankierende Maßnahme; formaler Bezugspunkt; französischer Code; gebildete Verwaltungseinheit; geforderte Gesetzesänderung; geforderter Straftatbestand; gemeindeebener Aufsichtsrat; gemeinsamer Ausschuss; gemeinsames Gremium; gemischtes Gremium; genehmigte Kompensation; geringwertiger Vorteil; geschichtlicher Hintergrun</subfield><subfield code="2">idssg-J</subfield></datafield><datafield ind1=" " ind2=" " tag="690"><subfield code="a">d; gewählter Amtsträger; gewähltes Gremium; grundsätzliches Nebeneinander; heutiger Status; historischer Überblick; illegale Zuwendung; immaterieller Vorteil; inhaltlicher Kritikpunkt; inländischer Amtsträger; innerer Vorbehalt; interne Gewährung; interne Vorteilsannahme; internationaler Amtsträger; internationaler Amtsträgerbegriff; internationales Bestechungsgesetz; internationale Organisation; kommunale Gebietskörperschaft; kommunaler Mandatsträger; kommunales Unternehmen; kommunale Versorgungsgesellschaft; konkrete Folge; konstituierte Handlungspflicht; kriminalpolitische Bedeutung; kriminalpolitische Empfehlung; kritische Würdigung; kumulative Geldstrafe; künftige Legislaturperiode; legender Rechtsgutsbegriff; legislativ Branch; legitimiertes Gremium; maßgebliche Vorschrift; missbräuchlich Aufgabenwahmehmung; mittelbare Konsequenz; moralische Dimension; nachträgliche Vorteilszuwendung; neue Fassung; notwendige Bestimmtheit; notwendiges Beziehungsverhältnis; notwendige Kausalbeziehung; notwendige Motivation; obergerichtliche Zuständigkeit; objektives Merkmal; offener Wortlaut; offensiver Lobbyismus; organisiertes Verbrechen; parlamentarische Gepflogenheit; parlamentarische Versammlung; parteiinternes Gremium; passender Oberbegriff; passive Bestechung; passive Einflussnahme; politische Funktion; politische Korruption; politisches Mandat; politische Partei; privatrechtliches Unternehmen; punktuelles Nebeneinander; repräsentative Demokratie; restriktive Auslegung; sachlicher Zusammenhang; sanktionsbewehrtes Verbot; sonstiges Gremium; sonstige Regelung; sonstige Stelle; soziale Adäquanz; späte Entscheidung; späte Legislaturperiode; staatsorganisationsrechtliche Perspektive; strafbarer Interessenkonflikt; strafbewehrte Tätigkeitsbeschränkung; strafrechtliche Bekämpfung; strafrechtliche Durchdringung; strafrechtliche Erfassung; strafrechtlicher Vorteilsbegriff; subjekti</subfield><subfield code="2">idssg-J</subfield></datafield><datafield ind1=" " ind2=" " tag="690"><subfield code="a">ve Ebene; supranationale Verpflichtung; systematische Erwägung; systematische Überlegung; tatsächliche Schädlichkeit; taugliche Bezugshandlung; tauglicher Täter; tauglicher Vorteil; teleologische Auslegung; teleologische Reduktion; teleologische Tragfähigkeit; teleologische Überlegung; tätige Reue; umfassender Amtsträgerbegriff; undifferenziertes Gesetzesmaterial; unechtes Einschränkungskriterium; ungerechtfertigte Beeinflussung; ungerechtfertigte Bereicherung; ungerechtfertigter Vorteil; unmittelbare Konsequenz; unrechtmäßige Verwendung; verbotene Lobbytätigkeit; verbotener Vertragsschluss; vereinbartes Stimmverhalten; vereinbartes Verhalten; vereinigtes Königreich; verfassungsrechtliche Pflichtenkonstellation; vertiefte Auseinandersetzung; vierter Abschnitt; vollendeter Stimmenkauf; vorbeugende Maßnahme; völkerrechtliche Bedeutung; völkerrechtliche Vereinbarung; weimarer Reichsverfassung; weimarer Republik; weite Auslegung; weiterer Ansatz; weitere Konkretisierung; weiteres Organ; weiteres Unterorgan; weitere Änderung; weitergehende Einschränkung; wirtschaftliche Abhängigkeit; wissenschaftliche Auseinandersetzung; zeitliche Regelmäßigkeit; zeitlicher Umstand; zulässige Spende; zweiter Schritt; zweiter Weltkrieg; öffentliche Aufgabe; öffentliches Vertrauen</subfield><subfield code="2">idssg-J</subfield></datafield><datafield ind1=" " ind2=" " tag="690"><subfield code="a">Deutschland C4EUGE; Vereinigte Staaten C1USA; EU C4EU; Frankreich C4EUFR; Italien C4EUIT; Schweiz C4EXSI; Österreich C4EUAU</subfield><subfield code="2">idssg-J</subfield></datafield><datafield ind1=" " ind2=" " tag="690"><subfield code="a">Bundländerkommission Vermittlungsausschuss Richterwahlausschuss; dritt Strafrechtsänderungsgesetz StÄG; europäisch Bestechungsgesetz Eu BestG; europäisch Parlament Absatz; gemeinsam Gremien Gemeinsamer Ausschuss; Group detats contre; international Bestechungsgesetz Int BestG; international Bestechungsgesetzes Int BestG; Jahrhundert Deutschlands Aufbruch; Kapitel Historischer Überblick; Kapitel Supranationale Verpflichtungen; Kongressmitglied Member; legislativ Legislative Branch; missbräuchlich Aufgabenwahmehmung Art.; Nomos Inhaltsübersicht Abkürzungen; Peter Korruption; StGB Kristina Peters Korruption; ungerechtfertigt Bereicherung Art.; United Nations Convention Against; zulässig Spenden Abs.</subfield><subfield code="2">idssg-J</subfield></datafield><datafield ind1="4" ind2=" " tag="856"><subfield code="3">Titelblatt und Inhaltsverzeichnis</subfield><subfield code="u">https://toc.library.ethz.ch/objects/pdf03/z01_978-3-8487-3533-4_01.pdf</subfield><subfield code="q">pdf</subfield></datafield><datafield ind1=" " ind2="0" tag="830"><subfield code="a">Studien zum Strafrecht</subfield><subfield code="v">76</subfield><subfield code="w">(RERO)R004349504-41slsp</subfield></datafield><datafield ind1=" " ind2="0" tag="830"><subfield code="a">Studien zum Strafrecht</subfield><subfield code="v">76</subfield><subfield code="w">(IDSBB)003957027DSV01</subfield></datafield><datafield ind1=" " ind2=" " tag="900"><subfield code="a">Stoppsignal FRED</subfield><subfield code="x">15.09.2017</subfield></datafield><datafield ind1=" " ind2=" " tag="900"><subfield code="a">IDSZ2zbzmon201710l</subfield><subfield code="c">IDSZ2meyc</subfield><subfield code="d">IDSZ2zbzswk201711g</subfield><subfield code="e">IDSZ2bruu</subfield></datafield><datafield ind1=" " ind2=" " tag="900"><subfield code="a">IDSZ1ZH</subfield></datafield><datafield ind1=" " ind2=" " tag="900"><subfield code="a">IDSZ2rwimon201708l</subfield><subfield code="c">IDSZ2paru</subfield><subfield code="d">IDSZ2rwiswk201709b</subfield><subfield code="e">IDSZ2cont</subfield></datafield><datafield ind1=" " ind2=" " tag="949"><subfield code="a">https://toc.library.ethz.ch/objects/pdf03/z01_978-3-8487-3533-4_01.pdf</subfield></datafield></record>
</metadata></record>