<record><header><identifier>oai:alma.41SLSP_UGE:991000032299705502</identifier><datestamp>2023-04-13T00:10:50Z</datestamp><setSpec>uge_bcen_RapidILL_BOOK</setSpec><setSpec>uge_aaca_RapidILL_BOOK</setSpec><setSpec>uge_abels_RapidILL_BOOK</setSpec><setSpec>uge_dbu_RapidILL_BOOK</setSpec><setSpec>uge_cmu_RapidILL_BOOK</setSpec><setSpec>uge_mail_RapidILL_BOOK</setSpec><setSpec>uge_abbat_RapidILL_BOOK</setSpec><setSpec>UNIGE_ALL</setSpec><setSpec>uge_aobs_RapidILL_BOOK</setSpec><setSpec>uge_acar_RapidILL_BOOK</setSpec></header><metadata>
<record xmlns="http://www.loc.gov/MARC21/slim" xmlns:xsi="http://www.w3.org/2001/XMLSchema-instance" xsi:schemaLocation="http://www.loc.gov/MARC21/slim http://www.loc.gov/standards/marcxml/schema/MARC21slim.xsd"><leader>02745nam a2200733 c 4500</leader><controlfield tag="001">991000032299705502</controlfield><controlfield tag="005">20230412172325.0</controlfield><controlfield tag="008">201011s1983    xxu||||| |||| 00| ||eng d</controlfield><datafield ind1=" " ind2=" " tag="020"><subfield code="a">3540907521</subfield><subfield code="q">Berlin ; Heidelberg</subfield></datafield><datafield ind1=" " ind2=" " tag="020"><subfield code="a">0387907521</subfield><subfield code="q">New York</subfield></datafield><datafield ind1=" " ind2=" " tag="035"><subfield code="a">(swissbib)229445276-41slsp_network</subfield></datafield><datafield ind1=" " ind2=" " tag="035"><subfield code="a">229445276</subfield><subfield code="9">ExL</subfield></datafield><datafield ind1=" " ind2=" " tag="035"><subfield code="a">(RERO)0475266-41slsp</subfield></datafield><datafield ind1=" " ind2=" " tag="035"><subfield code="a">(IDSBB)000188510DSV01</subfield></datafield><datafield ind1=" " ind2=" " tag="035"><subfield code="a">(NEBIS)000272569EBI01</subfield></datafield><datafield ind1=" " ind2=" " tag="035"><subfield code="a">(EXLNZ-41SLSP_NETWORK)991057037549705501</subfield></datafield><datafield ind1=" " ind2=" " tag="040"><subfield code="a">RERO</subfield><subfield code="d">CH-ZuSLS</subfield></datafield><datafield ind1=" " ind2=" " tag="044"><subfield code="a">xxu</subfield><subfield code="a">gw</subfield></datafield><datafield ind1=" " ind2="7" tag="072"><subfield code="a">ma</subfield><subfield code="2">rero</subfield></datafield><datafield ind1=" " ind2="7" tag="072"><subfield code="a">mt</subfield><subfield code="2">SzZuIDS BS/BE</subfield></datafield><datafield ind1=" " ind2="7" tag="072"><subfield code="a">py</subfield><subfield code="2">SzZuIDS BS/BE</subfield></datafield><datafield ind1="0" ind2="0" tag="082"><subfield code="a">515.3/53</subfield><subfield code="2">19</subfield></datafield><datafield ind1="0" ind2="4" tag="082"><subfield code="a">515</subfield></datafield><datafield ind1="1" ind2="4" tag="082"><subfield code="a">515.353</subfield><subfield code="2">22</subfield></datafield><datafield ind1="1" ind2="4" tag="082"><subfield code="a">510</subfield><subfield code="2">15</subfield></datafield><datafield ind1="1" ind2="4" tag="082"><subfield code="a">530</subfield><subfield code="2">15</subfield></datafield><datafield ind1=" " ind2=" " tag="084"><subfield code="a">76</subfield><subfield code="2">msc</subfield></datafield><datafield ind1=" " ind2=" " tag="084"><subfield code="a">22</subfield><subfield code="2">msc</subfield></datafield><datafield ind1=" " ind2=" " tag="084"><subfield code="a">SK 540</subfield><subfield code="2">rvk</subfield></datafield><datafield ind1=" " ind2=" " tag="084"><subfield code="a">SK 950</subfield><subfield code="2">rvk</subfield></datafield><datafield ind1=" " ind2=" " tag="084"><subfield code="a">UR 5550</subfield><subfield code="2">rvk</subfield></datafield><datafield ind1="1" ind2=" " tag="100"><subfield code="a">Smoller, Joel</subfield><subfield code="d">1936-2017</subfield><subfield code="0">(IDREF)032280009</subfield><subfield code="4">cre</subfield></datafield><datafield ind1="1" ind2="0" tag="245"><subfield code="a">Shock waves and reaction-diffusion equations</subfield><subfield code="c">Joel Smoller</subfield></datafield><datafield ind1=" " ind2="1" tag="264"><subfield code="a">New York</subfield><subfield code="a">Heidelberg [etc.]</subfield><subfield code="b">Springer</subfield><subfield code="c">[1983]</subfield></datafield><datafield ind1=" " ind2="4" tag="264"><subfield code="c">© 1983</subfield></datafield><datafield ind1=" " ind2=" " tag="300"><subfield code="a">XX, 581 p.</subfield><subfield code="b">ill.</subfield><subfield code="c">25 cm</subfield></datafield><datafield ind1=" " ind2=" " tag="336"><subfield code="b">txt</subfield><subfield code="2">rdacontent</subfield></datafield><datafield ind1=" " ind2=" " tag="337"><subfield code="b">n</subfield><subfield code="2">rdamedia</subfield></datafield><datafield ind1=" " ind2=" " tag="338"><subfield code="b">nc</subfield><subfield code="2">rdacarrier</subfield></datafield><datafield ind1="1" ind2=" " tag="490"><subfield code="a">Grundlehren der mathematischen Wissenschaften</subfield><subfield code="v">258</subfield></datafield><datafield ind1=" " ind2="7" tag="650"><subfield code="a">Ondes de choc</subfield><subfield code="0">(IDREF)027244059</subfield><subfield code="2">idref</subfield></datafield><datafield ind1=" " ind2="7" tag="650"><subfield code="a">Druckwelle</subfield><subfield code="2">idsbb</subfield></datafield><datafield ind1=" " ind2="7" tag="650"><subfield code="a">Nichtlineare partielle Differentialgleichung</subfield><subfield code="2">idsbb</subfield></datafield><datafield ind1=" " ind2="7" tag="650"><subfield code="a">Physik</subfield><subfield code="x">Mathematische Methode</subfield><subfield code="2">idsbb</subfield></datafield><datafield ind1=" " ind2="7" tag="650"><subfield code="a">Diffusion</subfield><subfield code="0">(DE-588)4012277-3</subfield><subfield code="2">gnd</subfield></datafield><datafield ind1=" " ind2="7" tag="650"><subfield code="a">Diffusionsgleichung</subfield><subfield code="0">(DE-588)4149816-1</subfield><subfield code="2">gnd</subfield></datafield><datafield ind1=" " ind2="7" tag="650"><subfield code="a">Druckwelle</subfield><subfield code="0">(DE-588)4150776-9</subfield><subfield code="2">gnd</subfield></datafield><datafield ind1=" " ind2="7" tag="650"><subfield code="a">Kongress</subfield><subfield code="0">(DE-588)4130470-6</subfield><subfield code="2">gnd</subfield></datafield><datafield ind1=" " ind2="7" tag="650"><subfield code="a">Nichtlineare partielle Differentialgleichung</subfield><subfield code="0">(DE-588)4128900-6</subfield><subfield code="2">gnd</subfield></datafield><datafield ind1=" " ind2="7" tag="650"><subfield code="a">Partielle Differentialgleichung</subfield><subfield code="0">(DE-588)4044779-0</subfield><subfield code="2">gnd</subfield></datafield><datafield ind1=" " ind2="7" tag="650"><subfield code="a">Reaktions-Diffusionsgleichung</subfield><subfield code="0">(DE-588)4323967-5</subfield><subfield code="2">gnd</subfield></datafield><datafield ind1=" " ind2="7" tag="650"><subfield code="a">Stoßwelle</subfield><subfield code="0">(DE-588)4057760-0</subfield><subfield code="2">gnd</subfield></datafield><datafield ind1=" " ind2="0" tag="650"><subfield code="a">Differential equations, Partial</subfield></datafield><datafield ind1=" " ind2="0" tag="650"><subfield code="a">Reaction-diffusion equations</subfield></datafield><datafield ind1=" " ind2="0" tag="650"><subfield code="a">Shock waves</subfield></datafield><datafield ind1=" " ind2="7" tag="650"><subfield code="a">REAKTIONS-DIFFUSIONSGLEICHUNGEN (ANALYSIS)</subfield><subfield code="9">ger</subfield><subfield code="0">(ETHUDK)000052790</subfield><subfield code="2">ethudk</subfield></datafield><datafield ind1=" " ind2="7" tag="650"><subfield code="a">STOSSWELLEN + SCHOCKWELLEN (FLUIDDYNAMIK)</subfield><subfield code="9">ger</subfield><subfield code="0">(ETHUDK)000014585</subfield><subfield code="2">ethudk</subfield></datafield><datafield ind1=" " ind2="7" tag="655"><subfield code="a">Manuels d'enseignement</subfield><subfield code="0">(IDREF)027446514</subfield><subfield code="2">idref</subfield></datafield><datafield ind1=" " ind2=" " tag="690"><subfield code="a">Stosswelle</subfield><subfield code="2">uzb-Z9</subfield></datafield><datafield ind1="4" ind2=" " tag="856"><subfield code="3">Inhaltsverzeichnis</subfield><subfield code="u">http://www.ub.unibas.ch/tox/HBZ/HT002384398/PDF</subfield><subfield code="q">pdf</subfield></datafield><datafield ind1=" " ind2=" " tag="830"><subfield code="a">Grundlehren der mathematischen Wissenschaften</subfield><subfield code="v">258</subfield><subfield code="w">(NEBIS)000021954EBI01</subfield></datafield><datafield ind1=" " ind2=" " tag="830"><subfield code="a">Grundlehren der mathematischen Wissenschaften</subfield><subfield code="v">258</subfield><subfield code="w">(RERO)0009987-41slsp</subfield></datafield><datafield ind1=" " ind2=" " tag="900"><subfield code="a">REROnoselfmerge</subfield></datafield><datafield ind1=" " ind2=" " tag="900"><subfield code="f">IDSU2medea</subfield></datafield><datafield ind1=" " ind2=" " tag="949"><subfield code="a">http://www.ub.unibas.ch/tox/HBZ/HT002384398/PDF</subfield></datafield></record>
</metadata></record>