<record><header><identifier>oai:alma.41SLSP_UGE:991000031879705502</identifier><datestamp>2023-06-06T00:10:24Z</datestamp><setSpec>UNIGE_ALL</setSpec></header><metadata>
<record xmlns="http://www.loc.gov/MARC21/slim" xmlns:xsi="http://www.w3.org/2001/XMLSchema-instance" xsi:schemaLocation="http://www.loc.gov/MARC21/slim http://www.loc.gov/standards/marcxml/schema/MARC21slim.xsd"><leader>01440ngm a2200337 c 4500</leader><controlfield tag="001">991000031879705502</controlfield><controlfield tag="005">20230605205212.0</controlfield><controlfield tag="007">vd |v||||</controlfield><controlfield tag="008">140218s1995    fr ||| |          v|fre d</controlfield><datafield ind1=" " ind2=" " tag="035"><subfield code="a">(swissbib)119165597-41slsp_network</subfield></datafield><datafield ind1=" " ind2=" " tag="035"><subfield code="a">119165597</subfield><subfield code="9">ExL</subfield></datafield><datafield ind1=" " ind2=" " tag="035"><subfield code="a">(RERO)R007645539-41slsp</subfield></datafield><datafield ind1=" " ind2=" " tag="035"><subfield code="a">(EXLNZ-41SLSP_NETWORK)991002648209705501</subfield></datafield><datafield ind1=" " ind2=" " tag="040"><subfield code="a">RERO geumem</subfield><subfield code="d">CH-ZuSLS</subfield></datafield><datafield ind1=" " ind2="7" tag="072"><subfield code="a">fr</subfield><subfield code="2">rero</subfield></datafield><datafield ind1="0" ind2="0" tag="245"><subfield code="a">Albert Cohen (1895-1981)</subfield><subfield code="c">un film de William Karel et Glenio Bonder</subfield></datafield><datafield ind1=" " ind2="1" tag="264"><subfield code="a">Paris</subfield><subfield code="b">France 3 [prod.]</subfield><subfield code="c">1995</subfield></datafield><datafield ind1=" " ind2=" " tag="300"><subfield code="a">1 DVD-R (45 min.)</subfield></datafield><datafield ind1=" " ind2=" " tag="336"><subfield code="b">tdi</subfield><subfield code="2">rdacontent</subfield></datafield><datafield ind1=" " ind2=" " tag="337"><subfield code="b">v</subfield><subfield code="2">rdamedia</subfield></datafield><datafield ind1=" " ind2=" " tag="338"><subfield code="b">vd</subfield><subfield code="2">rdacarrier</subfield></datafield><datafield ind1="1" ind2=" " tag="490"><subfield code="a">Un siècle d'écrivains</subfield><subfield code="v">54</subfield></datafield><datafield ind1=" " ind2=" " tag="500"><subfield code="a">Diffusé sur France 3, le 10 janvier 1996</subfield></datafield><datafield ind1=" " ind2=" " tag="500"><subfield code="a">Photographies, images d'archives et extraits de pièces de provenances diverses</subfield></datafield><datafield ind1=" " ind2=" " tag="508"><subfield code="a">Montage Gilles Croquet, Pal Sanbleut, Emmanuel Sarre ; musiques Georges Delerue, Esther Lamandier, Elliot Goldenthal</subfield></datafield><datafield ind1="0" ind2=" " tag="511"><subfield code="a">Textes dits par Catherine Deneuve et Claude Rich</subfield></datafield><datafield ind1="8" ind2=" " tag="520"><subfield code="a">&quot;Portrait d'un écrivain célèbre, juif oriental, sceptique, cosmopolite et ayant vécu à Genève.&quot;</subfield><subfield code="5">RERO/geumem/02.2014</subfield></datafield><datafield ind1="1" ind2="7" tag="600"><subfield code="a">Cohen, Albert</subfield><subfield code="d">1895-1981</subfield><subfield code="0">(IDREF)026793016</subfield><subfield code="2">idref</subfield></datafield><datafield ind1=" " ind2="7" tag="655"><subfield code="a">DVD</subfield><subfield code="0">(IDREF)035108444</subfield><subfield code="2">idref</subfield></datafield><datafield ind1="1" ind2=" " tag="700"><subfield code="a">Karel, William</subfield><subfield code="d">1940-....</subfield><subfield code="0">(IDREF)056840659</subfield></datafield><datafield ind1="1" ind2=" " tag="700"><subfield code="a">Bonder, Glenio</subfield><subfield code="c">réalisateur</subfield><subfield code="0">(IDREF)059395095</subfield></datafield><datafield ind1=" " ind2="0" tag="830"><subfield code="a">&lt;&lt;Un&gt;&gt; siècle d'écrivains</subfield><subfield code="v">54</subfield><subfield code="w">(RERO)1996978-41slsp</subfield></datafield></record>
</metadata></record>