<record><header><identifier>oai:alma.41SLSP_UGE:991000032599705502</identifier><datestamp>2023-07-01T00:22:30Z</datestamp><setSpec>uge_bcen_RapidILL_BOOK</setSpec><setSpec>uge_aaca_RapidILL_BOOK</setSpec><setSpec>uge_abels_RapidILL_BOOK</setSpec><setSpec>uge_dbu_RapidILL_BOOK</setSpec><setSpec>uge_cmu_RapidILL_BOOK</setSpec><setSpec>uge_mail_RapidILL_BOOK</setSpec><setSpec>uge_abbat_RapidILL_BOOK</setSpec><setSpec>UNIGE_ALL</setSpec><setSpec>uge_aobs_RapidILL_BOOK</setSpec><setSpec>uge_acar_RapidILL_BOOK</setSpec></header><metadata>
<record xmlns="http://www.loc.gov/MARC21/slim" xmlns:xsi="http://www.w3.org/2001/XMLSchema-instance" xsi:schemaLocation="http://www.loc.gov/MARC21/slim http://www.loc.gov/standards/marcxml/schema/MARC21slim.xsd"><leader>04129nam a2200469 c 4500</leader><controlfield tag="001">991000032599705502</controlfield><controlfield tag="005">20230630125500.0</controlfield><controlfield tag="008">201012s2004    gw ||||| |||| 10| ||eng d</controlfield><datafield ind1=" " ind2=" " tag="015"><subfield code="a">GFR-CIP-04,N06,0008</subfield><subfield code="a">DNB-04,A24,0753</subfield></datafield><datafield ind1=" " ind2=" " tag="020"><subfield code="a">3540208895</subfield><subfield code="c">kart. : EUR 64.15</subfield></datafield><datafield ind1=" " ind2=" " tag="035"><subfield code="a">(swissbib)239901754-41slsp_network</subfield></datafield><datafield ind1=" " ind2=" " tag="035"><subfield code="a">239901754</subfield><subfield code="9">ExL</subfield></datafield><datafield ind1=" " ind2=" " tag="035"><subfield code="a">(RERO)R003625177-41slsp</subfield></datafield><datafield ind1=" " ind2=" " tag="035"><subfield code="a">(IDSSG)000302834HSB01</subfield></datafield><datafield ind1=" " ind2=" " tag="035"><subfield code="a">(DDB)969824106</subfield></datafield><datafield ind1=" " ind2=" " tag="035"><subfield code="a">(EXLNZ-41SLSP_NETWORK)991126089009705501</subfield></datafield><datafield ind1=" " ind2=" " tag="040"><subfield code="a">RERO geussm</subfield><subfield code="d">CH-ZuSLS</subfield></datafield><datafield ind1=" " ind2="7" tag="072"><subfield code="a">ma</subfield><subfield code="2">rero</subfield></datafield><datafield ind1=" " ind2=" " tag="084"><subfield code="a">62H</subfield><subfield code="2">msc</subfield></datafield><datafield ind1="0" ind2="0" tag="245"><subfield code="a">Advances in multivariate data analysis</subfield><subfield code="b">proceedings of the Meeting of the Classification and Data Analysis Group (CLADAG) of the Italian Statistical Society, University of Palermo, July 5-6, 2001</subfield><subfield code="c">Hans-Hermann Bock, Marcelo Chiodi, Antonimo Mineo, eds</subfield></datafield><datafield ind1=" " ind2="1" tag="264"><subfield code="a">Berlin [etc.]</subfield><subfield code="b">Springer</subfield><subfield code="c">[2004]</subfield></datafield><datafield ind1=" " ind2="4" tag="264"><subfield code="c">© 2004</subfield></datafield><datafield ind1=" " ind2=" " tag="300"><subfield code="a">XI, 281 p.</subfield><subfield code="b">ill.</subfield><subfield code="c">24 cm</subfield></datafield><datafield ind1=" " ind2=" " tag="336"><subfield code="b">txt</subfield><subfield code="2">rdacontent</subfield></datafield><datafield ind1=" " ind2=" " tag="337"><subfield code="b">n</subfield><subfield code="2">rdamedia</subfield></datafield><datafield ind1=" " ind2=" " tag="338"><subfield code="b">nc</subfield><subfield code="2">rdacarrier</subfield></datafield><datafield ind1="1" ind2=" " tag="490"><subfield code="a">Studies in classification, data analysis, and knowledge organization</subfield></datafield><datafield ind1=" " ind2=" " tag="500"><subfield code="a">Le préface signale : &quot;...This volume contains a selection of papers presented during the biennial meeting of the Classification and Data Analysis Group (CLADAG) of the Società Italiana di Statistica which was organized by the Instituto di Statistica of the Università degli Studi di Palermo and held in the Palazzo Steri in Palermo on July 5-6, 2001...&quot;</subfield></datafield><datafield ind1=" " ind2=" " tag="500"><subfield code="a">Congrès de mathématiques. Palermo. 2001</subfield></datafield><datafield ind1=" " ind2=" " tag="500"><subfield code="a">Literaturangaben</subfield></datafield><datafield ind1=" " ind2="7" tag="650"><subfield code="a">Multivariate Analyse</subfield><subfield code="0">(DE-588)4040708-1</subfield><subfield code="2">gnd</subfield></datafield><datafield ind1=" " ind2="7" tag="655"><subfield code="a">Konferenzschrift</subfield><subfield code="z">Palermo</subfield><subfield code="y">2001</subfield><subfield code="2">gnd-content</subfield></datafield><datafield ind1=" " ind2=" " tag="690"><subfield code="a">Classification ; Smoothing ; Selection ; Classification method ; Industrial Production ; Relation method ; Relationist method ; Customer satisfaction ; Evaluation ; digit ; Monitoring ; Spectral analysis ; Data analysis ; Time series analysis ; Intensity technique ; Algorithm ; Bootstrapping ; Genetic algorithm ; Data table ; Normal distribution ; Foundry pattern ; Disease model ; Time series ; Order parameter ; Proximity ; Drug interaction ; Scoring ; Conference proceeding ; Classifier ; Space time ; Multivariate Analysis ; Tree structure ; Time domain ; Society ; Impurity state ; Frequency ; modeling ; Modelling ; Location ; Poverty ; Gamma distribution ; Computer ; Economics ; Base ; congress ; College ; networks circuits ; Nonlinear Dynamics ; Module ; Enterprise ; Performance indicator ; Least Squares Estimation ; Centering ; Italy ; Dynamic ; Dynamics ; Science ; Mortality ; Air pollution ; Diversity ; Human population ; Image ; Imaging ; Forecast ; Air pollution concentration</subfield><subfield code="2">idssg-J</subfield></datafield><datafield ind1=" " ind2=" " tag="690"><subfield code="a">Second-Order</subfield><subfield code="2">idssg-J</subfield></datafield><datafield ind1=" " ind2=" " tag="690"><subfield code="a">Full Multi; Several Experts; Adaptive Sampling</subfield><subfield code="2">idssg-J</subfield></datafield><datafield ind1=" " ind2=" " tag="690"><subfield code="a">italy [100]; Palermo [100]; Bologna [15]; Philadelphia [15]</subfield><subfield code="2">idssg-J</subfield></datafield><datafield ind1=" " ind2=" " tag="690"><subfield code="a">Hans; Hermann; Bock; Marcello; Chiodi; Antonino; Mineo; CLADAG; Overfitting; Carmela; Cappelli; Francisco; de; Carvalho; Renata; Souza; Rosanna; Verde; Rossella; Miglio; Gabnele; Soffritti; Raffaella; Piccarreta; Ippoliti; Luigi; Romagnoli; Luca; Lara; Fontanella; Mariagrazia; Granturco; Heteroskedasticity; Marcella; Niglio; Stefano; Claudio; Conversano; Michele; Rocca; Cira; Perna; Marilena; Pillati; Daniela; Salvatore; Vitrano; Alessandra; Amendola; Giuseppe; Storti; Tensorial; Pietro; Arn; enta; Pasquale; Sarnacchiaro; Paola; Anitori; Daria; Mendola; De; Cantis; Patrizia; Agati; Massimo; Bilancia; Alessio; Pollice; Gianfranco; Lovison; Tonio; Mantovan; CLADAG; II; III; IV</subfield><subfield code="2">idssg-J</subfield></datafield><datafield ind1="1" ind2=" " tag="700"><subfield code="a">Bock, Hans-Hermann</subfield><subfield code="0">(IDREF)059854804</subfield></datafield><datafield ind1="1" ind2=" " tag="710"><subfield code="a">Società italiana di statistica</subfield><subfield code="b">Gruppo di classificazione e analisi dei dati</subfield><subfield code="b">Riunione scientifica</subfield></datafield><datafield ind1="2" ind2=" " tag="710"><subfield code="a">Società italiana di statistica</subfield><subfield code="b">Classification and Data Analysis Group</subfield><subfield code="b">Biennal meeting</subfield><subfield code="d">2001</subfield><subfield code="c">Palermo</subfield><subfield code="0">(RERO)A012405932</subfield></datafield><datafield ind1="4" ind2=" " tag="856"><subfield code="u">https://tools.unisg.ch/url/hm00121081</subfield><subfield code="z">Inhaltsverzeichnis</subfield></datafield><datafield ind1=" " ind2="0" tag="830"><subfield code="a">Studies in classification, Data Analysis, and Knowledge Organization</subfield><subfield code="w">(RERO)1546280-41slsp</subfield></datafield><datafield ind1=" " ind2=" " tag="949"><subfield code="a">https://tools.unisg.ch/url/hm00121081</subfield></datafield></record>
</metadata></record>