<record><header><identifier>oai:alma.41SLSP_UGE:991000032289705502</identifier><datestamp>2023-03-01T01:08:55Z</datestamp><setSpec>uge_bcen_RapidILL_BOOK</setSpec><setSpec>uge_aaca_RapidILL_BOOK</setSpec><setSpec>uge_abels_RapidILL_BOOK</setSpec><setSpec>uge_dbu_RapidILL_BOOK</setSpec><setSpec>uge_cmu_RapidILL_BOOK</setSpec><setSpec>uge_mail_RapidILL_BOOK</setSpec><setSpec>uge_abbat_RapidILL_BOOK</setSpec><setSpec>UNIGE_ALL</setSpec><setSpec>uge_acar_RapidILL_BOOK</setSpec><setSpec>uge_aobs_RapidILL_BOOK</setSpec></header><metadata>
<record xmlns="http://www.loc.gov/MARC21/slim" xmlns:xsi="http://www.w3.org/2001/XMLSchema-instance" xsi:schemaLocation="http://www.loc.gov/MARC21/slim http://www.loc.gov/standards/marcxml/schema/MARC21slim.xsd"><leader>04433nam a2200865 c 4500</leader><controlfield tag="001">991000032289705502</controlfield><controlfield tag="005">20230228192653.0</controlfield><controlfield tag="008">201011s2007    xxu||||| |||| 00| ||eng d</controlfield><datafield ind1=" " ind2=" " tag="010"><subfield code="a">2007000656</subfield></datafield><datafield ind1=" " ind2=" " tag="015"><subfield code="a">GBA759617</subfield><subfield code="2">bnb</subfield></datafield><datafield ind1="7" ind2=" " tag="016"><subfield code="a">B2954-000850</subfield><subfield code="2">SzZuIDS</subfield></datafield><datafield ind1=" " ind2=" " tag="020"><subfield code="a">9780262012362</subfield><subfield code="q">hardcover : alk. paper</subfield></datafield><datafield ind1="7" ind2=" " tag="024"><subfield code="a">http://catalogue.bnf.fr/ark:/12148/cb410285877</subfield><subfield code="2">uri</subfield></datafield><datafield ind1=" " ind2=" " tag="035"><subfield code="a">(swissbib)227386027-41slsp_network</subfield></datafield><datafield ind1=" " ind2=" " tag="035"><subfield code="a">227386027</subfield><subfield code="9">ExL</subfield></datafield><datafield ind1=" " ind2=" " tag="035"><subfield code="a">(RERO)R007527996-41slsp</subfield></datafield><datafield ind1=" " ind2=" " tag="035"><subfield code="a">(NEBIS)005452035EBI01</subfield></datafield><datafield ind1=" " ind2=" " tag="035"><subfield code="a">(IDSBB)004369401DSV01</subfield></datafield><datafield ind1=" " ind2=" " tag="035"><subfield code="a">(IDSSG)000455813HSB01</subfield></datafield><datafield ind1=" " ind2=" " tag="035"><subfield code="a">(EXLNZ-41SLSP_NETWORK)991030939409705501</subfield></datafield><datafield ind1=" " ind2=" " tag="040"><subfield code="a">RERO geuieg</subfield><subfield code="d">CH-ZuSLS</subfield></datafield><datafield ind1=" " ind2=" " tag="050"><subfield code="a">TA73.1</subfield><subfield code="b">.A94 2007</subfield></datafield><datafield ind1=" " ind2="7" tag="072"><subfield code="a">sp</subfield><subfield code="2">rero</subfield></datafield><datafield ind1=" " ind2="7" tag="072"><subfield code="a">hg</subfield><subfield code="2">rero</subfield></datafield><datafield ind1=" " ind2="7" tag="072"><subfield code="a">wi</subfield><subfield code="2">SzZuIDS BS/BE</subfield></datafield><datafield ind1=" " ind2="7" tag="072"><subfield code="a">ng</subfield><subfield code="2">SzZuIDS BS/BE</subfield></datafield><datafield ind1="0" ind2="4" tag="082"><subfield code="a">620.00943/1</subfield><subfield code="2">22</subfield></datafield><datafield ind1="1" ind2="4" tag="082"><subfield code="a">900</subfield><subfield code="2">15</subfield></datafield><datafield ind1="1" ind2="4" tag="082"><subfield code="a">330</subfield><subfield code="2">15</subfield></datafield><datafield ind1=" " ind2=" " tag="084"><subfield code="a">19,2</subfield><subfield code="2">ssgn</subfield></datafield><datafield ind1=" " ind2=" " tag="084"><subfield code="a">NQ 6970</subfield><subfield code="2">rvk</subfield></datafield><datafield ind1="1" ind2=" " tag="100"><subfield code="6">880-01</subfield><subfield code="a">Augustine, Dolores L.</subfield><subfield code="d">19..-2011</subfield><subfield code="0">(IDREF)034269444</subfield><subfield code="4">cre</subfield></datafield><datafield ind1="1" ind2=" " tag="880"><subfield code="a">Augustine, Dolores L.</subfield><subfield code="0">(DE-588)137005709</subfield><subfield code="6">100-01</subfield></datafield><datafield ind1="1" ind2=" " tag="880"><subfield code="a">Augustine, Dolores L.</subfield><subfield code="0">(DE-588)137005709</subfield><subfield code="6">100-01</subfield></datafield><datafield ind1="1" ind2="0" tag="245"><subfield code="a">Red Prometheus</subfield><subfield code="b">engineering and dictatorship in East Germany, 1945-1990</subfield><subfield code="c">Dolores L. Augustine</subfield></datafield><datafield ind1=" " ind2="1" tag="264"><subfield code="a">Cambridge (Mass.)</subfield><subfield code="b">The MIT Press</subfield><subfield code="c">2007</subfield></datafield><datafield ind1=" " ind2=" " tag="300"><subfield code="a">381 p.</subfield><subfield code="b">ill.</subfield></datafield><datafield ind1=" " ind2=" " tag="336"><subfield code="b">txt</subfield><subfield code="2">rdacontent</subfield></datafield><datafield ind1=" " ind2=" " tag="337"><subfield code="b">n</subfield><subfield code="2">rdamedia</subfield></datafield><datafield ind1=" " ind2=" " tag="338"><subfield code="b">nc</subfield><subfield code="2">rdacarrier</subfield></datafield><datafield ind1="0" ind2=" " tag="490"><subfield code="a">Transformations: Studies in the History of Science and Technology</subfield></datafield><datafield ind1=" " ind2=" " tag="504"><subfield code="a">Includes bibliographical references and index</subfield></datafield><datafield ind1=" " ind2="7" tag="648"><subfield code="a">Geschichte</subfield><subfield code="2">gnd</subfield></datafield><datafield ind1=" " ind2="7" tag="648"><subfield code="a">Geschichte 1945-1990</subfield><subfield code="2">gnd</subfield></datafield><datafield ind1=" " ind2="7" tag="650"><subfield code="a">Technologie</subfield><subfield code="0">(IDREF)027257215</subfield><subfield code="2">idref</subfield></datafield><datafield ind1=" " ind2="7" tag="650"><subfield code="a">Politique et gouvernement</subfield><subfield code="0">(IDREF)027728110</subfield><subfield code="2">idref</subfield></datafield><datafield ind1=" " ind2="7" tag="650"><subfield code="a">1945-1990</subfield><subfield code="0">(IDREF)027794342</subfield><subfield code="2">idref</subfield></datafield><datafield ind1=" " ind2="7" tag="650"><subfield code="a">DEUTSCHE DEMOKRATISCHE REPUBLIK (1945-1990)</subfield><subfield code="9">ger</subfield><subfield code="0">(ETHUDK)000002764</subfield><subfield code="2">ethudk</subfield></datafield><datafield ind1=" " ind2="7" tag="650"><subfield code="a">KALTER KRIEG (INTERNATIONALE POLITIK)</subfield><subfield code="9">ger</subfield><subfield code="0">(ETHUDK)000010226</subfield><subfield code="2">ethudk</subfield></datafield><datafield ind1=" " ind2="7" tag="650"><subfield code="a">KOMMUNISTISCHE PARTEIEN + KOMMUNISMUS (POLITIK)</subfield><subfield code="9">ger</subfield><subfield code="0">(ETHUDK)000010265</subfield><subfield code="2">ethudk</subfield></datafield><datafield ind1=" " ind2="7" tag="650"><subfield code="a">NATURWISSENSCHAFTEN/ALLGEMEIN</subfield><subfield code="9">ger</subfield><subfield code="0">(ETHUDK)000012372</subfield><subfield code="2">ethudk</subfield></datafield><datafield ind1=" " ind2="7" tag="650"><subfield code="a">NATURWISSENSCHAFTSGESCHICHTE</subfield><subfield code="9">ger</subfield><subfield code="0">(ETHUDK)000041517</subfield><subfield code="2">ethudk</subfield></datafield><datafield ind1=" " ind2="7" tag="650"><subfield code="a">NICHTDEMOKRATISCHE HERRSCHAFTSFORMEN + DIKTATUR (POLITIK)</subfield><subfield code="9">ger</subfield><subfield code="0">(ETHUDK)000010133</subfield><subfield code="2">ethudk</subfield></datafield><datafield ind1=" " ind2="7" tag="650"><subfield code="a">POLITISCHE IDEOLOGIE (POLITIK)</subfield><subfield code="9">ger</subfield><subfield code="0">(ETHUDK)000009991</subfield><subfield code="2">ethudk</subfield></datafield><datafield ind1=" " ind2="7" tag="650"><subfield code="a">TECHNIK UND INGENIEURWESEN</subfield><subfield code="9">ger</subfield><subfield code="0">(ETHUDK)000027548</subfield><subfield code="2">ethudk</subfield></datafield><datafield ind1=" " ind2="7" tag="650"><subfield code="a">TECHNIKGESCHICHTE + GESCHICHTE DES INGENIEURWESENS</subfield><subfield code="9">ger</subfield><subfield code="0">(ETHUDK)000041248</subfield><subfield code="2">ethudk</subfield></datafield><datafield ind1=" " ind2="7" tag="650"><subfield code="a">&quot;1945/1990&quot;</subfield><subfield code="2">ethudk</subfield></datafield><datafield ind1=" " ind2="0" tag="650"><subfield code="a">Engineering</subfield><subfield code="z">Germany (East)</subfield><subfield code="x">History</subfield><subfield code="y">20th century</subfield></datafield><datafield ind1=" " ind2="0" tag="650"><subfield code="a">Technology</subfield><subfield code="z">Germany (East)</subfield><subfield code="x">History</subfield><subfield code="y">20th century</subfield></datafield><datafield ind1=" " ind2="7" tag="650"><subfield code="a">Wissenschaftspolitik</subfield><subfield code="0">(DE-588)4140181-5</subfield><subfield code="2">gnd</subfield></datafield><datafield ind1=" " ind2="7" tag="650"><subfield code="a">Ingenieurwissenschaften</subfield><subfield code="0">(DE-588)4137304-2</subfield><subfield code="2">gnd</subfield></datafield><datafield ind1=" " ind2="7" tag="650"><subfield code="a">Wissenschaftlich-technischer Fortschritt</subfield><subfield code="0">(DE-588)4132508-4</subfield><subfield code="2">gnd</subfield></datafield><datafield ind1=" " ind2="7" tag="650"><subfield code="a">Technologiepolitik</subfield><subfield code="0">(DE-588)4184587-0</subfield><subfield code="2">gnd</subfield></datafield><datafield ind1=" " ind2="7" tag="650"><subfield code="a">Technische Innovation</subfield><subfield code="0">(DE-588)4431027-4</subfield><subfield code="2">gnd</subfield></datafield><datafield ind1=" " ind2="7" tag="651"><subfield code="a">Allemagne (République démocratique)</subfield><subfield code="0">(IDREF)027223736</subfield><subfield code="2">idref</subfield></datafield><datafield ind1=" " ind2="0" tag="651"><subfield code="a">Germany (East)</subfield><subfield code="x">Social life and customs</subfield></datafield><datafield ind1=" " ind2="7" tag="651"><subfield code="a">Deutschland</subfield><subfield code="g">DDR</subfield><subfield code="0">(DE-588)4011890-3</subfield><subfield code="2">gnd</subfield></datafield><datafield ind1=" " ind2=" " tag="690"><subfield code="a">East Germany ; Era ; Dictatorship ; Specialist ; Professionalism ; Press ; Illustration list ; Abbreviation ; Trek ; High technology ; Bureaucracy ; Research director ; Acronym ; Soviet Union ; Siege ; Enthusiast ; Pursuit ; Bibliography ; Propaganda ; Careerist ; Conformist ; Individualist ; Computer Scientists ; Computer scientist ; Fantasy ; Ambition ; Cold war</subfield><subfield code="2">idssg-J</subfield></datafield><datafield ind1=" " ind2=" " tag="690"><subfield code="a">Red Prometheus; Soviet-Occupied Germany; Electronic Future; Popular Culture</subfield><subfield code="2">idssg-J</subfield></datafield><datafield ind1=" " ind2=" " tag="690"><subfield code="a">east Germany [100]; Soviet-Occupyed Germany [27]; Massachusetts [100]; England [100]; Cambridge [50]; London [50]</subfield><subfield code="2">idssg-J</subfield></datafield><datafield ind1=" " ind2=" " tag="690"><subfield code="a">Dolores; ss; xxix; Ulbricht; Honecker; Careerism</subfield><subfield code="2">idssg-J</subfield></datafield><datafield ind1="4" ind2=" " tag="856"><subfield code="3">Titelblatt und Inhaltsverzeichnis</subfield><subfield code="u">https://toc.library.ethz.ch/objects/pdf/e01_978-0-262-01236-2_01.pdf</subfield><subfield code="q">pdf</subfield></datafield><datafield ind1="4" ind2=" " tag="856"><subfield code="3">Abstract / Autoreninformation</subfield><subfield code="u">https://toc.library.ethz.ch/objects/pdf/e01_978-0-262-01236-2_02.pdf</subfield><subfield code="q">pdf</subfield></datafield><datafield ind1=" " ind2=" " tag="900"><subfield code="a">REROnoselfmerge</subfield></datafield><datafield ind1=" " ind2=" " tag="949"><subfield code="a">https://toc.library.ethz.ch/objects/pdf/e01_978-0-262-01236-2_01.pdf</subfield></datafield><datafield ind1=" " ind2=" " tag="949"><subfield code="a">https://toc.library.ethz.ch/objects/pdf/e01_978-0-262-01236-2_02.pdf</subfield></datafield><datafield ind1=" " ind2=" " tag="961"><subfield code="2">gsi</subfield><subfield code="a">943</subfield><subfield code="9">LOCAL</subfield></datafield></record>
</metadata></record>