<record><header><identifier>oai:alma.41SLSP_UGE:991000032519705502</identifier><datestamp>2024-03-20T02:50:22Z</datestamp><setSpec>uge_bcen_RapidILL_BOOK</setSpec><setSpec>uge_aaca_RapidILL_BOOK</setSpec><setSpec>uge_abels_RapidILL_BOOK</setSpec><setSpec>uge_dbu_RapidILL_BOOK</setSpec><setSpec>uge_cmu_RapidILL_BOOK</setSpec><setSpec>uge_mail_RapidILL_BOOK</setSpec><setSpec>uge_abbat_RapidILL_BOOK</setSpec><setSpec>UNIGE_ALL</setSpec><setSpec>uge_aobs_RapidILL_BOOK</setSpec><setSpec>uge_acar_RapidILL_BOOK</setSpec></header><metadata>
<record xmlns="http://www.loc.gov/MARC21/slim" xmlns:xsi="http://www.w3.org/2001/XMLSchema-instance" xsi:schemaLocation="http://www.loc.gov/MARC21/slim http://www.loc.gov/standards/marcxml/schema/MARC21slim.xsd"><leader>01227nem a2200337 c 4500</leader><controlfield tag="001">991000032519705502</controlfield><controlfield tag="005">20240319224749.0</controlfield><controlfield tag="007">aj |||||</controlfield><controlfield tag="008">920702q18281831sz |||||| |     |   fre d</controlfield><datafield ind1=" " ind2=" " tag="035"><subfield code="a">(swissbib)086681974-41slsp_network</subfield></datafield><datafield ind1=" " ind2=" " tag="035"><subfield code="a">086681974</subfield><subfield code="9">ExL</subfield></datafield><datafield ind1=" " ind2=" " tag="035"><subfield code="a">(RERO)1546979-41slsp</subfield></datafield><datafield ind1=" " ind2=" " tag="035"><subfield code="a">(EXLNZ-41SLSP_NETWORK)991085993259705501</subfield></datafield><datafield ind1=" " ind2=" " tag="040"><subfield code="a">RERO gevbpu</subfield><subfield code="d">CH-ZuSLS</subfield></datafield><datafield ind1=" " ind2=" " tag="044"><subfield code="a">sz</subfield><subfield code="c">ch-ge</subfield></datafield><datafield ind1="0" ind2=" " tag="045"><subfield code="a">w3</subfield><subfield code="b">d1830</subfield></datafield><datafield ind1=" " ind2="7" tag="072"><subfield code="a">go</subfield><subfield code="2">rero</subfield></datafield><datafield ind1="0" ind2="0" tag="245"><subfield code="a">Plan de la commune de Jussy</subfield><subfield code="c">levé par J.R. Mayer</subfield></datafield><datafield ind1=" " ind2=" " tag="255"><subfield code="a">Echelle [ca 1:15 000]</subfield></datafield><datafield ind1=" " ind2="1" tag="264"><subfield code="a">[Genève]</subfield><subfield code="b">[éditeur non identifié]</subfield><subfield code="c">[ca 1830]</subfield></datafield><datafield ind1=" " ind2="3" tag="264"><subfield code="a">Genève</subfield><subfield code="b">lith. de Spengler</subfield></datafield><datafield ind1=" " ind2=" " tag="300"><subfield code="a">1 carte</subfield><subfield code="b">lithogr. et aquarellée</subfield><subfield code="c">37 x 41 cm</subfield></datafield><datafield ind1=" " ind2=" " tag="336"><subfield code="b">cri</subfield><subfield code="2">rdacontent</subfield></datafield><datafield ind1=" " ind2=" " tag="337"><subfield code="b">n</subfield><subfield code="2">rdamedia</subfield></datafield><datafield ind1=" " ind2=" " tag="338"><subfield code="b">nb</subfield><subfield code="2">rdacarrier</subfield></datafield><datafield ind1="1" ind2=" " tag="490"><subfield code="a">Plans des communes de la République et Canton de Genève / Jean-Rodolphe Mayer</subfield><subfield code="v">18</subfield></datafield><datafield ind1=" " ind2=" " tag="500"><subfield code="a">Orienté Nord en haut à droite</subfield></datafield><datafield ind1=" " ind2="7" tag="651"><subfield code="a">Jussy (Suisse)</subfield><subfield code="0">(IDREF)255280211</subfield><subfield code="2">idref</subfield></datafield><datafield ind1=" " ind2="7" tag="655"><subfield code="a">Cartes</subfield><subfield code="0">(IDREF)027497259</subfield><subfield code="2">idref</subfield></datafield><datafield ind1="4" ind2="1" tag="856"><subfield code="3">Ressource en ligne via RERO DOC</subfield><subfield code="u">http://doc.rero.ch/record/232212</subfield></datafield><datafield ind1="1" ind2=" " tag="800"><subfield code="a">Mayer, Jean-Rodolphe</subfield><subfield code="t">Plans des communes de la République et Canton de Genève</subfield><subfield code="v">18</subfield></datafield><datafield ind1=" " ind2=" " tag="900"><subfield code="a">REROswissbibnomerge</subfield></datafield></record>
</metadata></record>