<record><header><identifier>oai:alma.41SLSP_UGE:991000031999705502</identifier><datestamp>2023-07-03T00:42:05Z</datestamp><setSpec>uge_bcen_RapidILL_BOOK</setSpec><setSpec>uge_aaca_RapidILL_BOOK</setSpec><setSpec>uge_abels_RapidILL_BOOK</setSpec><setSpec>uge_dbu_RapidILL_BOOK</setSpec><setSpec>uge_cmu_RapidILL_BOOK</setSpec><setSpec>uge_mail_RapidILL_BOOK</setSpec><setSpec>uge_abbat_RapidILL_BOOK</setSpec><setSpec>UNIGE_ALL</setSpec><setSpec>uge_aobs_RapidILL_BOOK</setSpec><setSpec>uge_acar_RapidILL_BOOK</setSpec></header><metadata>
<record xmlns="http://www.loc.gov/MARC21/slim" xmlns:xsi="http://www.w3.org/2001/XMLSchema-instance" xsi:schemaLocation="http://www.loc.gov/MARC21/slim http://www.loc.gov/standards/marcxml/schema/MARC21slim.xsd"><leader>06874nam a2201045 c 4500</leader><controlfield tag="001">991000031999705502</controlfield><controlfield tag="005">20230702082346.0</controlfield><controlfield tag="008">201011s2002    xxk||||| |||| 00| ||eng d</controlfield><datafield ind1=" " ind2=" " tag="010"><subfield code="a">2002510396</subfield></datafield><datafield ind1=" " ind2=" " tag="015"><subfield code="a">GBA2-Z0496</subfield></datafield><datafield ind1="7" ind2=" " tag="016"><subfield code="a">0198662483</subfield><subfield code="2">Uk</subfield></datafield><datafield ind1=" " ind2=" " tag="020"><subfield code="a">0198662483</subfield><subfield code="c">£19.99</subfield></datafield><datafield ind1=" " ind2=" " tag="020"><subfield code="a">0198607717</subfield><subfield code="q">pbk.</subfield></datafield><datafield ind1="7" ind2=" " tag="024"><subfield code="a">http://catalogue.bnf.fr/ark:/12148/cb38918549w</subfield><subfield code="2">uri</subfield></datafield><datafield ind1=" " ind2=" " tag="035"><subfield code="a">(swissbib)224563424-41slsp_network</subfield></datafield><datafield ind1=" " ind2=" " tag="035"><subfield code="a">224563424</subfield><subfield code="9">ExL</subfield></datafield><datafield ind1=" " ind2=" " tag="035"><subfield code="a">(RERO)R003312781-41slsp</subfield></datafield><datafield ind1=" " ind2=" " tag="035"><subfield code="a">(IDSBB)002649603DSV01</subfield></datafield><datafield ind1=" " ind2=" " tag="035"><subfield code="a">(IDSSG)000260212HSB01</subfield></datafield><datafield ind1=" " ind2=" " tag="035"><subfield code="a">(NEBIS)004302874EBI01</subfield></datafield><datafield ind1=" " ind2=" " tag="035"><subfield code="a">(OCoLC)48931457</subfield></datafield><datafield ind1=" " ind2=" " tag="035"><subfield code="a">(EXLNZ-41SLSP_NETWORK)991026054819705501</subfield></datafield><datafield ind1=" " ind2=" " tag="040"><subfield code="a">RERO geulan</subfield><subfield code="d">CH-ZuSLS</subfield></datafield><datafield ind1=" " ind2=" " tag="050"><subfield code="a">PE2751</subfield><subfield code="b">.M385 2002</subfield></datafield><datafield ind1=" " ind2="7" tag="072"><subfield code="a">an</subfield><subfield code="2">rero</subfield></datafield><datafield ind1=" " ind2="7" tag="072"><subfield code="a">se</subfield><subfield code="2">SzZuIDS BS/BE</subfield></datafield><datafield ind1="0" ind2="0" tag="082"><subfield code="a">427</subfield><subfield code="2">21</subfield></datafield><datafield ind1="0" ind2="0" tag="082"><subfield code="a">420</subfield></datafield><datafield ind1="0" ind2="4" tag="082"><subfield code="a">27</subfield></datafield><datafield ind1="0" ind2="4" tag="082"><subfield code="a">427.9</subfield><subfield code="b">M4788ox</subfield></datafield><datafield ind1="1" ind2="4" tag="082"><subfield code="a">427</subfield><subfield code="2">22</subfield></datafield><datafield ind1="1" ind2="4" tag="082"><subfield code="a">420</subfield><subfield code="2">15</subfield></datafield><datafield ind1=" " ind2=" " tag="084"><subfield code="a">HE 150</subfield><subfield code="2">rvk</subfield></datafield><datafield ind1=" " ind2=" " tag="084"><subfield code="a">HF 500</subfield><subfield code="2">rvk</subfield></datafield><datafield ind1="1" ind2=" " tag="100"><subfield code="a">McArthur, Tom</subfield><subfield code="d">1938-2020</subfield><subfield code="0">(IDREF)026999552</subfield><subfield code="4">cre</subfield></datafield><datafield ind1="1" ind2="0" tag="245"><subfield code="a">&lt;&lt;The&gt;&gt; Oxford guide to world English</subfield><subfield code="c">Tom McArthur</subfield></datafield><datafield ind1=" " ind2="1" tag="264"><subfield code="a">Oxford [etc.]</subfield><subfield code="b">Oxford University Press</subfield><subfield code="c">2002</subfield></datafield><datafield ind1=" " ind2=" " tag="300"><subfield code="a">XIV, 501 p.</subfield><subfield code="b">ill.</subfield><subfield code="c">25 cm</subfield></datafield><datafield ind1=" " ind2=" " tag="336"><subfield code="b">txt</subfield><subfield code="2">rdacontent</subfield></datafield><datafield ind1=" " ind2=" " tag="337"><subfield code="b">n</subfield><subfield code="2">rdamedia</subfield></datafield><datafield ind1=" " ind2=" " tag="338"><subfield code="b">nc</subfield><subfield code="2">rdacarrier</subfield></datafield><datafield ind1=" " ind2=" " tag="504"><subfield code="a">Includes bibliographical references (p. [467]-473) and index</subfield></datafield><datafield ind1=" " ind2="7" tag="650"><subfield code="a">Anglais (langue)</subfield><subfield code="0">(IDREF)027219232</subfield><subfield code="2">idref</subfield></datafield><datafield ind1=" " ind2="7" tag="650"><subfield code="a">Changement linguistique</subfield><subfield code="0">(IDREF)027260259</subfield><subfield code="2">idref</subfield></datafield><datafield ind1=" " ind2="7" tag="650"><subfield code="a">410-20e siècle</subfield><subfield code="0">(RERO)A026984229</subfield><subfield code="2">rero</subfield></datafield><datafield ind1=" " ind2="7" tag="650"><subfield code="a">variation (sociolinguistique)</subfield><subfield code="0">(RERO)A009963424</subfield><subfield code="2">rerovoc</subfield></datafield><datafield ind1=" " ind2="7" tag="650"><subfield code="a">anglais (langue) - influence exercée</subfield><subfield code="0">(RERO)A010043135</subfield><subfield code="2">rerovoc</subfield></datafield><datafield ind1=" " ind2="7" tag="650"><subfield code="a">17e siècle-20e siècle</subfield><subfield code="2">idref</subfield></datafield><datafield ind1=" " ind2="7" tag="650"><subfield code="a">Moyen âge</subfield><subfield code="0">(IDREF)027329917</subfield><subfield code="2">idref</subfield></datafield><datafield ind1=" " ind2="7" tag="650"><subfield code="a">Englische Sprache</subfield><subfield code="x">Lingua franca</subfield><subfield code="2">idsbb</subfield></datafield><datafield ind1=" " ind2="7" tag="650"><subfield code="a">Lingua franca</subfield><subfield code="x">Englische Sprache</subfield><subfield code="2">idsbb</subfield></datafield><datafield ind1=" " ind2="7" tag="650"><subfield code="a">Englische Sprache</subfield><subfield code="x">Norm und Variation</subfield><subfield code="2">idsbb</subfield></datafield><datafield ind1=" " ind2="7" tag="650"><subfield code="a">Englische Sprache</subfield><subfield code="x">Ausland</subfield><subfield code="2">idsbb</subfield></datafield><datafield ind1=" " ind2="7" tag="650"><subfield code="a">Englische Sprache</subfield><subfield code="x">Verwendung</subfield><subfield code="2">idsbb</subfield></datafield><datafield ind1=" " ind2="0" tag="650"><subfield code="a">English language</subfield><subfield code="x">Variation</subfield></datafield><datafield ind1=" " ind2="0" tag="650"><subfield code="a">English language</subfield><subfield code="z">English-speaking countries</subfield></datafield><datafield ind1=" " ind2="0" tag="650"><subfield code="a">English language</subfield><subfield code="z">Foreign countries</subfield></datafield><datafield ind1=" " ind2="7" tag="650"><subfield code="a">Englisch</subfield><subfield code="0">(DE-588)4014777-0</subfield><subfield code="2">gnd</subfield></datafield><datafield ind1=" " ind2="7" tag="650"><subfield code="a">Weltsprache</subfield><subfield code="0">(DE-588)4442166-7</subfield><subfield code="2">gnd</subfield></datafield><datafield ind1=" " ind2="7" tag="650"><subfield code="a">Sprachvariante</subfield><subfield code="0">(DE-588)4077741-8</subfield><subfield code="2">gnd</subfield></datafield><datafield ind1=" " ind2="7" tag="650"><subfield code="a">Sprachkontakt</subfield><subfield code="0">(DE-588)4077723-6</subfield><subfield code="2">gnd</subfield></datafield><datafield ind1=" " ind2="0" tag="650"><subfield code="a">Communication, International</subfield></datafield><datafield ind1=" " ind2="0" tag="650"><subfield code="a">English language</subfield></datafield><datafield ind1=" " ind2="0" tag="650"><subfield code="a">English language</subfield><subfield code="x">Foreign elements</subfield></datafield><datafield ind1=" " ind2="0" tag="650"><subfield code="a">English language</subfield><subfield code="x">Influence on foreign languages</subfield></datafield><datafield ind1=" " ind2="0" tag="650"><subfield code="a">English language</subfield><subfield code="x">Usage</subfield></datafield><datafield ind1=" " ind2="7" tag="650"><subfield code="a">Englisch</subfield><subfield code="2">idszbz</subfield></datafield><datafield ind1=" " ind2="0" tag="650"><subfield code="a">English language</subfield><subfield code="x">Variation</subfield><subfield code="z">English-speaking countries</subfield></datafield><datafield ind1=" " ind2="0" tag="650"><subfield code="a">English language</subfield><subfield code="x">Variation</subfield><subfield code="z">Foreign countries</subfield></datafield><datafield ind1=" " ind2="7" tag="650"><subfield code="a">Weltsprache</subfield><subfield code="2">idszbz</subfield></datafield><datafield ind1=" " ind2="7" tag="650"><subfield code="a">English world wide</subfield><subfield code="v">Handbooks</subfield><subfield code="2">idszbzes</subfield></datafield><datafield ind1=" " ind2="0" tag="650"><subfield code="a">Intercultural communication</subfield></datafield><datafield ind1=" " ind2="7" tag="651"><subfield code="a">Pays de langue anglaise</subfield><subfield code="0">(IDREF)050564110</subfield><subfield code="2">idref</subfield></datafield><datafield ind1=" " ind2="0" tag="651"><subfield code="a">English-speaking countries</subfield></datafield><datafield ind1=" " ind2="7" tag="655"><subfield code="a">Handbuch</subfield><subfield code="2">idszbz</subfield></datafield><datafield ind1=" " ind2=" " tag="690"><subfield code="a">AustralAsien; englische Sprache; Sanskrit; Latein; afrikanische Sprache; Dialekt; Brunei; Kalifornien; Mauritius; Welt; Kontrast; slawische Sprache; Antarktis; Karibik; Normung; Atlantik; Falklandinsel; English; Faden; Aussprache; Cockney; Erbe; Kompromiss; Rheinland-Pfalz; Schicksal; Vorherrschaft; Western; Country; General; Lancashire; Modus</subfield><subfield code="2">idssg-J</subfield></datafield><datafield ind1=" " ind2=" " tag="690"><subfield code="a">KontinentalEuropa; NeuEngland; SüdAsien; SüdostAsien; WestAsien; Shetlanddialekt; Verkehrssprache; Weltenglisch; Oxfordleitfaden; OstAnglien; Randgebiet; Standardmodus; Englischunterricht; Geschlechterfrage; Schmelztiegel; Sprachänderung; Südatlantikinsel; Universitätspresse</subfield><subfield code="2">idssg-J</subfield></datafield><datafield ind1=" " ind2=" " tag="690"><subfield code="a">britisches Englisch; gebrochenes Englisch; hawaiianisches Englisch; hebräisches Englisch; karibischer Kreole; nationaler Standard; afrikanisches Englisch; afroamerikanisches Englisch; allgemeine Chronologie; altes Englisch; alte Welt; atlantisches Kanada; australisches Englisch; britisches Englisch; dekoratives Englisch; englisch USEnglisch; englischer Kreole; englische Sprachänderung; europäische Sprache; europäische Union; ganze Welt; globale Industrie; globale Verkehrssprache; große Sprache; hawaiianisches Englisch; indisches Englisch; irisches Englisch; jüdisches Englisch; kanadischer USA; kanadisches Wort; karibisches Englisch; malaysisch Manglisch; malaysisches Englisch; manifestes Schicksal; nepalesisches Englisch; neue Welt; nordirisches Englisch; ostafrikanisches Englisch; pakistanisches Englisch; politische Korrektheit; schottisches Englisch; schwarzes Englisch; skandinavisches Englisch; skandinavische Sprache; slawisches Englisch; südafrikanisches Englisch; südasiatisches Englisch; vereinigter Staat; walisisches Englisch; westafrikanisches Englisch; öffentliche Schule</subfield><subfield code="2">idssg-J</subfield></datafield><datafield ind1=" " ind2=" " tag="690"><subfield code="a">Großbritannien C4EUUK[0]; England C4EUUK; Asien C90ASI; Kanada C1CANA; Afrika C60AFR; Welt C00WOR; Vereinigte Staaten C1USA; Schottland C4EUUK; Irland C4EUIR; Malediven C9MALD; Mauritius C6MAUI; Malaysia C9MALA; Singapur C9SING; Neuseeland C8NEWZ; Europa C4E; Italien C4EUIT; Lateinamerika C0LATI; Karibische Staaten C50CAR; Atlantischer Ozean C0ATLA; Indien C9INDI; Frankreich C4EUFR; China C9CHIN; Antarktis C8ANTA; Sri Lanka C9SRIL; Seychellen C6SEYC; Kalifornien C1USA; Brunei C9BRUN; Indonesien C9INDO; Philippinen C9PHIL; Korea C9SOUT; Japan C9JAPA; Australien C8AUST; Fidschi C8FIJI; Hawaii C1USA; Rheinland-Pfalz C4EUGE; EU C4EU</subfield><subfield code="2">idssg-J</subfield></datafield><datafield ind1=" " ind2=" " tag="690"><subfield code="a">afroamerikanisch Englisch Gullah Ebonics; alt Welt Neue Welt; Arthur OXFORD; atlantisch Kanada Maritimes; Bahamian Samana England Sranan Tongo; britisch Englisch British Empire; britisch Schwarzes Englisch; Fluchen Slang Strine; General American; General Canadian; Gutter Scots; Herkunft Altes Englisch; Irland England Wales Schottland; Japan Englisch Japlisch Gairaigo; Melanesian Pidgin Englisch Tok Pisin; nordirisch Englisch Ulster Scots; Norn Orkney; Scot Scotch Scots Scottish Scotticism; Scots Scottish Scotticism; Solomon Islands Pidgin; Süden New Orleans Cajun; Terra Australis; Tom Mc; Wasei Eigo; World English; Yankee Amis Wespen; Zed Zee von Unterschieden</subfield><subfield code="2">idssg-J</subfield></datafield><datafield ind1=" " ind2=" " tag="690"><subfield code="a">Sprache</subfield><subfield code="2">fhnw-E8</subfield></datafield><datafield ind1=" " ind2=" " tag="690"><subfield code="a">Englisch</subfield><subfield code="2">fhnw-E8</subfield></datafield><datafield ind1=" " ind2=" " tag="690"><subfield code="a">Führer (Buch)</subfield><subfield code="2">fhnw-E8</subfield></datafield><datafield ind1=" " ind2=" " tag="690"><subfield code="a">Linguistik</subfield><subfield code="2">fhnw-E8</subfield></datafield><datafield ind1="1" ind2=" " tag="700"><subfield code="a">McArthur, Tom</subfield><subfield code="d">1938-</subfield><subfield code="0">(DE-588)124062520</subfield></datafield><datafield ind1="1" ind2=" " tag="700"><subfield code="a">McArthur, Tom</subfield></datafield><datafield ind1="4" ind2=" " tag="856"><subfield code="u">https://tools.unisg.ch/url/hm00059267</subfield><subfield code="z">Inhaltsverzeichnis</subfield></datafield><datafield ind1=" " ind2=" " tag="900"><subfield code="a">IDSZ2zbzmon200206f</subfield><subfield code="c">IDSZ2suse</subfield><subfield code="d">IDSZ2zbzswk200310b</subfield><subfield code="e">IDSZ2stor</subfield></datafield><datafield ind1=" " ind2=" " tag="900"><subfield code="a">IDSZ2esmon200602l</subfield><subfield code="c">IDSZ2kama</subfield><subfield code="d">IDSZ2esswk200603b</subfield><subfield code="e">IDSZ2leud</subfield></datafield><datafield ind1=" " ind2=" " tag="900"><subfield code="a">IDSE8802</subfield></datafield><datafield ind1=" " ind2=" " tag="949"><subfield code="a">https://tools.unisg.ch/url/hm00059267</subfield></datafield></record>
</metadata></record>