<record><header><identifier>oai:alma.41SLSP_UGE:991000032619705502</identifier><datestamp>2023-03-01T01:08:55Z</datestamp><setSpec>uge_bcen_RapidILL_BOOK</setSpec><setSpec>uge_aaca_RapidILL_BOOK</setSpec><setSpec>uge_abels_RapidILL_BOOK</setSpec><setSpec>uge_dbu_RapidILL_BOOK</setSpec><setSpec>uge_cmu_RapidILL_BOOK</setSpec><setSpec>uge_mail_RapidILL_BOOK</setSpec><setSpec>UNIGE_ALL</setSpec><setSpec>uge_abbat_RapidILL_BOOK</setSpec><setSpec>uge_acar_RapidILL_BOOK</setSpec><setSpec>uge_aobs_RapidILL_BOOK</setSpec></header><metadata>
<record xmlns="http://www.loc.gov/MARC21/slim" xmlns:xsi="http://www.w3.org/2001/XMLSchema-instance" xsi:schemaLocation="http://www.loc.gov/MARC21/slim http://www.loc.gov/standards/marcxml/schema/MARC21slim.xsd"><leader>01123nam a2200325 c 4500</leader><controlfield tag="001">991000032619705502</controlfield><controlfield tag="005">20230223195821.0</controlfield><controlfield tag="008">201011s1934    fr ||||| |||| 00| ||fre d</controlfield><datafield ind1=" " ind2=" " tag="035"><subfield code="a">(swissbib)217296475-41slsp_network</subfield></datafield><datafield ind1=" " ind2=" " tag="035"><subfield code="a">217296475</subfield><subfield code="9">ExL</subfield></datafield><datafield ind1=" " ind2=" " tag="035"><subfield code="a">(RERO)0769618-41slsp</subfield></datafield><datafield ind1=" " ind2=" " tag="035"><subfield code="a">(IDSBB)004812559DSV01</subfield></datafield><datafield ind1=" " ind2=" " tag="035"><subfield code="a">(SBT)000269167SBT01</subfield></datafield><datafield ind1=" " ind2=" " tag="035"><subfield code="a">(EXLNZ-41SLSP_NETWORK)991035636199705501</subfield></datafield><datafield ind1=" " ind2=" " tag="040"><subfield code="a">RERO geudbu</subfield><subfield code="d">CH-ZuSLS</subfield></datafield><datafield ind1=" " ind2="7" tag="072"><subfield code="a">th</subfield><subfield code="2">rero</subfield></datafield><datafield ind1="1" ind2=" " tag="080"><subfield code="a">225.05</subfield></datafield><datafield ind1="1" ind2=" " tag="100"><subfield code="a">Vaganay, Léon</subfield><subfield code="d">1882-1969</subfield><subfield code="0">(IDREF)073964212</subfield><subfield code="4">cre</subfield></datafield><datafield ind1="1" ind2="0" tag="245"><subfield code="a">Initiation à la critique textuelle néotestamentaire</subfield><subfield code="c">par Léon Vaganay</subfield></datafield><datafield ind1=" " ind2="1" tag="264"><subfield code="a">[Paris]</subfield><subfield code="b">Bloud et Gay</subfield><subfield code="c">1934</subfield></datafield><datafield ind1=" " ind2=" " tag="300"><subfield code="a">188 p.</subfield><subfield code="c">19 cm</subfield></datafield><datafield ind1=" " ind2=" " tag="336"><subfield code="b">txt</subfield><subfield code="2">rdacontent</subfield></datafield><datafield ind1=" " ind2=" " tag="337"><subfield code="b">n</subfield><subfield code="2">rdamedia</subfield></datafield><datafield ind1=" " ind2=" " tag="338"><subfield code="b">nc</subfield><subfield code="2">rdacarrier</subfield></datafield><datafield ind1="1" ind2=" " tag="490"><subfield code="a">Bibliothèque catholique des sciences religieuses</subfield><subfield code="v">14</subfield></datafield><datafield ind1="0" ind2="7" tag="630"><subfield code="a">Bible</subfield><subfield code="p">NT</subfield><subfield code="0">(RERO)A009967469</subfield><subfield code="2">rero</subfield></datafield><datafield ind1=" " ind2="7" tag="650"><subfield code="a">Critique textuelle</subfield><subfield code="0">(IDREF)027231208</subfield><subfield code="2">idref</subfield></datafield><datafield ind1=" " ind2="4" tag="650"><subfield code="a">Textkritik</subfield></datafield><datafield ind1=" " ind2=" " tag="691"><subfield code="e">225</subfield><subfield code="a">Bibbia. Nuovo Testamento</subfield><subfield code="2">usi-TE</subfield></datafield><datafield ind1=" " ind2=" " tag="830"><subfield code="a">Bibliothèque catholique des sciences religieuses</subfield><subfield code="v">14</subfield><subfield code="w">(IDSBB)000826314DSV01</subfield></datafield><datafield ind1=" " ind2=" " tag="900"><subfield code="a">REROnoselfmerge</subfield></datafield></record>
</metadata></record>