<record><header><identifier>oai:alma.41SLSP_UGE:991000032829705502</identifier><datestamp>2023-03-01T01:08:55Z</datestamp><setSpec>uge_bcen_RapidILL_BOOK</setSpec><setSpec>uge_aaca_RapidILL_BOOK</setSpec><setSpec>uge_abels_RapidILL_BOOK</setSpec><setSpec>uge_dbu_RapidILL_BOOK</setSpec><setSpec>uge_cmu_RapidILL_BOOK</setSpec><setSpec>uge_mail_RapidILL_BOOK</setSpec><setSpec>UNIGE_ALL</setSpec><setSpec>uge_abbat_RapidILL_BOOK</setSpec><setSpec>uge_acar_RapidILL_BOOK</setSpec><setSpec>uge_aobs_RapidILL_BOOK</setSpec></header><metadata>
<record xmlns="http://www.loc.gov/MARC21/slim" xmlns:xsi="http://www.w3.org/2001/XMLSchema-instance" xsi:schemaLocation="http://www.loc.gov/MARC21/slim http://www.loc.gov/standards/marcxml/schema/MARC21slim.xsd"><leader>02830nam a22003857c 4500</leader><controlfield tag="001">991000032829705502</controlfield><controlfield tag="005">20230216204605.0</controlfield><controlfield tag="008">201011s2010    fr ||||| |||| 00| ||fre d</controlfield><datafield ind1=" " ind2=" " tag="020"><subfield code="a">9782212546095</subfield></datafield><datafield ind1="7" ind2=" " tag="024"><subfield code="a">http://catalogue.bnf.fr/ark:/12148/cb42331223b</subfield><subfield code="2">uri</subfield></datafield><datafield ind1=" " ind2=" " tag="035"><subfield code="a">(swissbib)214890996-41slsp_network</subfield></datafield><datafield ind1=" " ind2=" " tag="035"><subfield code="a">214890996</subfield><subfield code="9">ExL</subfield></datafield><datafield ind1=" " ind2=" " tag="035"><subfield code="a">(RERO)R005531370-41slsp</subfield></datafield><datafield ind1=" " ind2=" " tag="035"><subfield code="a">(NEBIS)006197272EBI01</subfield></datafield><datafield ind1=" " ind2=" " tag="035"><subfield code="a">(EXLNZ-41SLSP_NETWORK)991022512639705501</subfield></datafield><datafield ind1=" " ind2=" " tag="040"><subfield code="a">RERO geies-</subfield><subfield code="d">CH-ZuSLS</subfield></datafield><datafield ind1=" " ind2="7" tag="072"><subfield code="a">ss</subfield><subfield code="2">rero</subfield></datafield><datafield ind1="1" ind2=" " tag="080"><subfield code="a">159.92</subfield></datafield><datafield ind1="0" ind2="0" tag="245"><subfield code="a">&lt;&lt;Le&gt;&gt; grand livre de la supervision</subfield><subfield code="c">dir. par Emilie Devienne</subfield></datafield><datafield ind1=" " ind2="1" tag="264"><subfield code="a">Paris</subfield><subfield code="b">Eyrolles</subfield><subfield code="c">2010</subfield></datafield><datafield ind1=" " ind2=" " tag="300"><subfield code="a">295 p.</subfield><subfield code="b">ill.</subfield></datafield><datafield ind1=" " ind2=" " tag="336"><subfield code="b">txt</subfield><subfield code="2">rdacontent</subfield></datafield><datafield ind1=" " ind2=" " tag="337"><subfield code="b">n</subfield><subfield code="2">rdamedia</subfield></datafield><datafield ind1=" " ind2=" " tag="338"><subfield code="b">nc</subfield><subfield code="2">rdacarrier</subfield></datafield><datafield ind1="0" ind2=" " tag="490"><subfield code="a">Le grand livre</subfield></datafield><datafield ind1=" " ind2=" " tag="504"><subfield code="a">Bibliogr. : p. 288-290</subfield></datafield><datafield ind1="0" ind2=" " tag="505"><subfield code="a">La supervision, une pratique contemporaine et de toujours / Reine-Marie Halbout. Désirs et tabous en supervision / André de Châteauvieux. Devenir accompagnant... et le rester : la supervision, entre professionnalisation et professionnalité / Philippe Bigot. Construire son identité professionnelle dans la supervision / Reine-Marie Halbout. Aux frontières du développement professionnel et de la supervision / Jean-Yves Arrivé. &quot;C'est la marge qui tient la page&quot; : la question du cadre en supervision / Isabelle Laplante et Nicolas De Beer. Choisir son superviseur et sa supervision / Jean-Louis Sentin. La formation à la supervision, en thérapie et en coaching / Serge Ginger. Nous sommes tous des marginaux sécants / Jean-Louis Sentin. Une approche psychanalytique de la supervision des coachs / Benoît Melet. Les nouveaux territoires de la supervision / Annie Cottet. Supervision et concept de résonance / François Balta. Le thérapeute familial et son superviseur / Jacques-Antoine Malarewicz. Mener en parallèle supervision et thérapie / Dominique Baumgartner. Supervision d'avocats et/ou d'avocats-médiateurs / Dominique Retourné. La supervision avec la base de la PNL / Catherine Cudicio. Analyse transactionnelle et supervision / Martine Renaud-Boulart. Gestalt et supervision groupale / Gonzague Masquelier. La supervision intégrative / Martine Renaud-Boulart et Benoît Melet. Hypervision : qui supervise les superviseurs ? / Thierry Chavel.</subfield></datafield><datafield ind1=" " ind2="7" tag="650"><subfield code="a">Psychothérapie</subfield><subfield code="0">(IDREF)027352382</subfield><subfield code="2">idref</subfield></datafield><datafield ind1=" " ind2="7" tag="650"><subfield code="a">supervision</subfield><subfield code="0">(RERO)A010031248</subfield><subfield code="2">rerovoc</subfield></datafield><datafield ind1=" " ind2="7" tag="650"><subfield code="a">Accompagnement individuel</subfield><subfield code="0">(IDREF)120299569</subfield><subfield code="2">idref</subfield></datafield><datafield ind1=" " ind2="7" tag="650"><subfield code="a">Counseling</subfield><subfield code="0">(IDREF)02941587X</subfield><subfield code="2">idref</subfield></datafield><datafield ind1=" " ind2="7" tag="650"><subfield code="a">COACHING (DÉVELOPPEMENT DU PERSONNEL)</subfield><subfield code="9">fre</subfield><subfield code="0">(ETHUDK)000063088</subfield><subfield code="2">ethudk</subfield></datafield><datafield ind1=" " ind2="7" tag="650"><subfield code="a">GESTION DES RESSOURCES HUMAINES</subfield><subfield code="9">fre</subfield><subfield code="0">(ETHUDK)000032548</subfield><subfield code="2">ethudk</subfield></datafield><datafield ind1=" " ind2="7" tag="655"><subfield code="a">Guides pratiques</subfield><subfield code="0">(IDREF)027790045</subfield><subfield code="2">idref</subfield></datafield><datafield ind1="1" ind2=" " tag="700"><subfield code="a">Devienne, Émilie</subfield><subfield code="0">(IDREF)057770492</subfield></datafield><datafield ind1=" " ind2=" " tag="900"><subfield code="a">REROnoselfmerge</subfield></datafield></record>
</metadata></record>