<record><header><identifier>oai:alma.41SLSP_UGE:991000032509705502</identifier><datestamp>2023-04-15T00:12:36Z</datestamp><setSpec>uge_bcen_RapidILL_BOOK</setSpec><setSpec>uge_aaca_RapidILL_BOOK</setSpec><setSpec>uge_abels_RapidILL_BOOK</setSpec><setSpec>uge_dbu_RapidILL_BOOK</setSpec><setSpec>uge_cmu_RapidILL_BOOK</setSpec><setSpec>uge_mail_RapidILL_BOOK</setSpec><setSpec>uge_abbat_RapidILL_BOOK</setSpec><setSpec>UNIGE_ALL</setSpec><setSpec>uge_acar_RapidILL_BOOK</setSpec><setSpec>uge_aobs_RapidILL_BOOK</setSpec></header><metadata>
<record xmlns="http://www.loc.gov/MARC21/slim" xmlns:xsi="http://www.w3.org/2001/XMLSchema-instance" xsi:schemaLocation="http://www.loc.gov/MARC21/slim http://www.loc.gov/standards/marcxml/schema/MARC21slim.xsd"><leader>02113nam a2200553 c 4500</leader><controlfield tag="001">991000032509705502</controlfield><controlfield tag="005">20230414192946.0</controlfield><controlfield tag="008">201011s1993    hu a     b||| 010 0 hun| </controlfield><datafield ind1=" " ind2=" " tag="010"><subfield code="a">99190970</subfield></datafield><datafield ind1=" " ind2=" " tag="020"><subfield code="a">9638312041</subfield></datafield><datafield ind1=" " ind2=" " tag="020"><subfield code="a">9789638312044</subfield></datafield><datafield ind1=" " ind2=" " tag="035"><subfield code="a">(swissbib)231299125-41slsp_network</subfield></datafield><datafield ind1=" " ind2=" " tag="035"><subfield code="a">231299125</subfield><subfield code="9">ExL</subfield></datafield><datafield ind1=" " ind2=" " tag="035"><subfield code="a">(IDSBB)006661030DSV01</subfield></datafield><datafield ind1=" " ind2=" " tag="035"><subfield code="a">(RERO)R007882060-41slsp</subfield></datafield><datafield ind1=" " ind2=" " tag="035"><subfield code="a">(OCoLC)45784591</subfield><subfield code="z">(OCoLC)34948889</subfield></datafield><datafield ind1=" " ind2=" " tag="035"><subfield code="a">(EXLNZ-41SLSP_NETWORK)991119438199705501</subfield></datafield><datafield ind1=" " ind2=" " tag="040"><subfield code="a">DLC</subfield><subfield code="b">ger</subfield><subfield code="e">rda</subfield><subfield code="d">CH-ZuSLS</subfield></datafield><datafield ind1="0" ind2=" " tag="041"><subfield code="a">hun</subfield><subfield code="a">eng</subfield><subfield code="a">ger</subfield><subfield code="a">slo</subfield></datafield><datafield ind1=" " ind2=" " tag="043"><subfield code="a">e-hu---</subfield></datafield><datafield ind1=" " ind2="0" tag="050"><subfield code="a">DB926</subfield><subfield code="b">.S96 1993</subfield></datafield><datafield ind1=" " ind2="7" tag="072"><subfield code="a">ht</subfield><subfield code="2">rero</subfield></datafield><datafield ind1="1" ind2="4" tag="082"><subfield code="a">943.9</subfield><subfield code="2">15</subfield></datafield><datafield ind1="1" ind2="4" tag="082"><subfield code="a">940</subfield><subfield code="2">15</subfield></datafield><datafield ind1="0" ind2="0" tag="245"><subfield code="a">Szomszédaink között Kelet-Európában</subfield><subfield code="b">emlékkönyv Niederhauser Emil 70. születésnapjára</subfield><subfield code="c">szerkesztette: Glatz Ferenc</subfield></datafield><datafield ind1=" " ind2="1" tag="264"><subfield code="a">Budapest</subfield><subfield code="b">MTA Történettudományi Intézete</subfield><subfield code="c">1993</subfield></datafield><datafield ind1=" " ind2=" " tag="300"><subfield code="a">470 Seiten</subfield><subfield code="b">Illustrationen</subfield><subfield code="c">24 cm</subfield></datafield><datafield ind1=" " ind2=" " tag="336"><subfield code="b">txt</subfield><subfield code="2">rdacontent</subfield></datafield><datafield ind1=" " ind2=" " tag="337"><subfield code="b">n</subfield><subfield code="2">rdamedia</subfield></datafield><datafield ind1=" " ind2=" " tag="338"><subfield code="b">nc</subfield><subfield code="2">rdacarrier</subfield></datafield><datafield ind1=" " ind2=" " tag="504"><subfield code="a">Includes bibliographical references</subfield></datafield><datafield ind1=" " ind2=" " tag="504"><subfield code="a">&quot;Niederhauser Emil műveinek válogatott bibliográfiája&quot;: pages 455-470</subfield></datafield><datafield ind1=" " ind2=" " tag="546"><subfield code="a">Beiträge in englischer, deutscher, ungarischer und slowakischer Sprache</subfield></datafield><datafield ind1=" " ind2="7" tag="648"><subfield code="a">Geschichte</subfield><subfield code="2">gnd</subfield></datafield><datafield ind1=" " ind2="7" tag="650"><subfield code="a">Diplomatic relations</subfield><subfield code="2">fast</subfield></datafield><datafield ind1=" " ind2="7" tag="650"><subfield code="a">Internationale Politik</subfield><subfield code="0">(DE-588)4072885-7</subfield><subfield code="2">gnd</subfield></datafield><datafield ind1=" " ind2="7" tag="651"><subfield code="a">Ungarn</subfield><subfield code="0">(DE-588)4078541-5</subfield><subfield code="2">gnd</subfield></datafield><datafield ind1=" " ind2="0" tag="651"><subfield code="a">Hungary</subfield><subfield code="x">Foreign relations</subfield></datafield><datafield ind1=" " ind2="0" tag="651"><subfield code="a">Hungary</subfield><subfield code="x">History</subfield></datafield><datafield ind1=" " ind2="7" tag="651"><subfield code="a">Hungary</subfield><subfield code="2">fast</subfield></datafield><datafield ind1=" " ind2="7" tag="655"><subfield code="a">History</subfield><subfield code="2">fast</subfield></datafield><datafield ind1=" " ind2="7" tag="655"><subfield code="a">Aufsatzsammlung</subfield><subfield code="2">gnd-content</subfield></datafield><datafield ind1=" " ind2="7" tag="655"><subfield code="a">Festschrift</subfield><subfield code="2">gnd-content</subfield></datafield><datafield ind1="1" ind2=" " tag="700"><subfield code="a">Niederhauser, Emil</subfield><subfield code="d">1923-2010</subfield><subfield code="0">(DE-588)130643874</subfield><subfield code="4">hnr</subfield><subfield code="6">880-02</subfield></datafield><datafield ind1="1" ind2=" " tag="880"><subfield code="6">700-02</subfield><subfield code="a">Niederhauser, Emil</subfield><subfield code="c">historien</subfield><subfield code="d">1923-....</subfield><subfield code="0">(IDREF)028437780</subfield></datafield><datafield ind1="1" ind2=" " tag="700"><subfield code="a">Glatz, Ferenc</subfield><subfield code="d">1941-</subfield><subfield code="0">(DE-588)170576051</subfield><subfield code="4">edt</subfield><subfield code="6">880-03</subfield></datafield><datafield ind1="1" ind2=" " tag="880"><subfield code="6">700-03</subfield><subfield code="a">Glatz, Ferenc</subfield><subfield code="d">1941-....</subfield><subfield code="0">(IDREF)028510348</subfield></datafield><datafield ind1="4" ind2=" " tag="856"><subfield code="3">Inhaltsverzeichnis</subfield><subfield code="u">http://www.ub.unibas.ch/tox/IDSBB/006661030/PDF</subfield><subfield code="q">pdf</subfield></datafield><datafield ind1=" " ind2=" " tag="900"><subfield code="a">Stoppsignal FRED</subfield></datafield><datafield ind1=" " ind2=" " tag="949"><subfield code="a">http://www.ub.unibas.ch/tox/IDSBB/006661030/PDF</subfield></datafield></record>
</metadata></record>