<record><header><identifier>oai:alma.41SLSP_UGE:991000032209705502</identifier><datestamp>2024-05-05T01:42:01Z</datestamp><setSpec>uge_bcen_RapidILL_BOOK</setSpec><setSpec>uge_aaca_RapidILL_BOOK</setSpec><setSpec>uge_abels_RapidILL_BOOK</setSpec><setSpec>uge_dbu_RapidILL_BOOK</setSpec><setSpec>uge_cmu_RapidILL_BOOK</setSpec><setSpec>uge_mail_RapidILL_BOOK</setSpec><setSpec>UNIGE_ALL</setSpec><setSpec>uge_abbat_RapidILL_BOOK</setSpec><setSpec>uge_acar_RapidILL_BOOK</setSpec><setSpec>uge_aobs_RapidILL_BOOK</setSpec></header><metadata>
<record xmlns="http://www.loc.gov/MARC21/slim" xmlns:xsi="http://www.w3.org/2001/XMLSchema-instance" xsi:schemaLocation="http://www.loc.gov/MARC21/slim http://www.loc.gov/standards/marcxml/schema/MARC21slim.xsd"><leader>02135nam a2200613 c 4500</leader><controlfield tag="001">991000032209705502</controlfield><controlfield tag="005">20240222192615.0</controlfield><controlfield tag="008">201011s1990    sp ||||| |||| 00| ||spa d</controlfield><datafield ind1=" " ind2=" " tag="020"><subfield code="a">8474235014</subfield><subfield code="q">br.</subfield></datafield><datafield ind1=" " ind2=" " tag="035"><subfield code="a">(swissbib)221411976-41slsp_network</subfield></datafield><datafield ind1=" " ind2=" " tag="035"><subfield code="a">221411976</subfield><subfield code="9">ExL</subfield></datafield><datafield ind1=" " ind2=" " tag="035"><subfield code="a">(RERO)1465539-41slsp</subfield></datafield><datafield ind1=" " ind2=" " tag="035"><subfield code="a">(NEBIS)001175976EBI01</subfield></datafield><datafield ind1=" " ind2=" " tag="035"><subfield code="a">(IDSBB)000793785DSV01</subfield></datafield><datafield ind1=" " ind2=" " tag="035"><subfield code="a">(SBT)000737939SBT01</subfield></datafield><datafield ind1=" " ind2=" " tag="035"><subfield code="a">(IDSSG)000047695HSB01</subfield></datafield><datafield ind1=" " ind2=" " tag="035"><subfield code="a">(EXLNZ-41SLSP_NETWORK)991006341319705501</subfield></datafield><datafield ind1=" " ind2=" " tag="040"><subfield code="a">RERO geules</subfield><subfield code="d">CH-ZuSLS</subfield></datafield><datafield ind1=" " ind2="7" tag="072"><subfield code="a">es</subfield><subfield code="2">rero</subfield></datafield><datafield ind1=" " ind2="7" tag="072"><subfield code="a">ir</subfield><subfield code="2">SzZuIDS BS/BE</subfield></datafield><datafield ind1=" " ind2="7" tag="072"><subfield code="a">it</subfield><subfield code="2">rero</subfield></datafield><datafield ind1="1" ind2=" " tag="080"><subfield code="a">860&quot;07/14&quot;-1(091)</subfield></datafield><datafield ind1="0" ind2="0" tag="082"><subfield code="a">861/.209</subfield><subfield code="2">20</subfield></datafield><datafield ind1="0" ind2="4" tag="082"><subfield code="a">861.3</subfield><subfield code="b">R541t</subfield></datafield><datafield ind1=" " ind2=" " tag="084"><subfield code="a">IN 4450</subfield><subfield code="2">rvk</subfield></datafield><datafield ind1=" " ind2=" " tag="084"><subfield code="a">IN 4996</subfield><subfield code="2">rvk</subfield></datafield><datafield ind1="1" ind2=" " tag="100"><subfield code="6">880-01</subfield><subfield code="a">Rico, Francisco</subfield><subfield code="d">1942-2024</subfield><subfield code="0">(IDREF)028328809</subfield><subfield code="4">aut</subfield></datafield><datafield ind1="1" ind2=" " tag="880"><subfield code="a">Rico, Francisco</subfield><subfield code="d">1942-2024</subfield><subfield code="6">100-01</subfield><subfield code="0">(DE-588)1042916756</subfield></datafield><datafield ind1="1" ind2="0" tag="245"><subfield code="a">Texto y contextos</subfield><subfield code="b">estudios sobre la poesía española del siglo XV</subfield><subfield code="c">Francisco Rico</subfield></datafield><datafield ind1=" " ind2="1" tag="264"><subfield code="a">Barcelona</subfield><subfield code="b">Crítica</subfield><subfield code="c">1990</subfield></datafield><datafield ind1=" " ind2=" " tag="300"><subfield code="a">XIV, 240 S., Taf.</subfield><subfield code="b">Ill.</subfield></datafield><datafield ind1=" " ind2=" " tag="336"><subfield code="b">txt</subfield><subfield code="2">rdacontent</subfield></datafield><datafield ind1=" " ind2=" " tag="337"><subfield code="b">n</subfield><subfield code="2">rdamedia</subfield></datafield><datafield ind1=" " ind2=" " tag="338"><subfield code="b">nc</subfield><subfield code="2">rdacarrier</subfield></datafield><datafield ind1="1" ind2=" " tag="490"><subfield code="a">Filología</subfield><subfield code="v">22</subfield></datafield><datafield ind1=" " ind2="7" tag="648"><subfield code="a">Geschichte</subfield><subfield code="2">idszbz</subfield></datafield><datafield ind1=" " ind2="7" tag="648"><subfield code="a">Geschichte 1400-1500</subfield><subfield code="2">idszbz</subfield></datafield><datafield ind1=" " ind2="7" tag="648"><subfield code="a">Geschichte 1400-1500</subfield><subfield code="2">gnd</subfield></datafield><datafield ind1=" " ind2="7" tag="650"><subfield code="a">Poésie espagnole</subfield><subfield code="0">(IDREF)027811611</subfield><subfield code="2">idref</subfield></datafield><datafield ind1=" " ind2="7" tag="650"><subfield code="a">15e siècle</subfield><subfield code="0">(IDREF)027797406</subfield><subfield code="2">idref</subfield></datafield><datafield ind1=" " ind2="7" tag="650"><subfield code="a">Lyrik</subfield><subfield code="2">idszbz</subfield></datafield><datafield ind1=" " ind2="7" tag="650"><subfield code="a">Spanisch</subfield><subfield code="2">idszbz</subfield></datafield><datafield ind1=" " ind2="0" tag="650"><subfield code="a">Spanish poetry</subfield><subfield code="y">To 1500</subfield><subfield code="x">History and criticism</subfield></datafield><datafield ind1=" " ind2="7" tag="650"><subfield code="a">Lyrik</subfield><subfield code="z">altspanische</subfield><subfield code="2">idsbb</subfield></datafield><datafield ind1=" " ind2="7" tag="650"><subfield code="a">Literatur</subfield><subfield code="0">(DE-588)4035964-5</subfield><subfield code="2">gnd</subfield></datafield><datafield ind1=" " ind2="7" tag="650"><subfield code="a">Lyrik</subfield><subfield code="0">(DE-588)4036774-5</subfield><subfield code="2">gnd</subfield></datafield><datafield ind1=" " ind2="7" tag="650"><subfield code="a">Spanisch</subfield><subfield code="0">(DE-588)4077640-2</subfield><subfield code="2">gnd</subfield></datafield><datafield ind1=" " ind2="7" tag="655"><subfield code="a">[Études diverses]</subfield><subfield code="0">(RERO)A022249905</subfield><subfield code="2">rero</subfield></datafield><datafield ind1=" " ind2="7" tag="655"><subfield code="a">Aufsatzsammlung</subfield><subfield code="2">idszbz</subfield></datafield><datafield ind1=" " ind2=" " tag="690"><subfield code="a">Spanisch : Lyrik : Geschichte 1400-1500</subfield><subfield code="2">uzb-VH</subfield></datafield><datafield ind1=" " ind2=" " tag="690"><subfield code="a">Poesía española. Siglo XV</subfield><subfield code="2">ubs-AR</subfield></datafield><datafield ind1=" " ind2=" " tag="691"><subfield code="e">861.2</subfield><subfield code="a">Poesia spagnola, 1369-1516</subfield><subfield code="2">usi-TE</subfield></datafield><datafield ind1=" " ind2=" " tag="830"><subfield code="a">Filología</subfield><subfield code="v">22</subfield><subfield code="w">(SBT)000737936SBT01</subfield></datafield><datafield ind1=" " ind2="0" tag="830"><subfield code="a">Filología</subfield><subfield code="p">Ed. Crítica</subfield><subfield code="v">22</subfield><subfield code="w">(RERO)0190203-41slsp</subfield></datafield><datafield ind1=" " ind2=" " tag="900"><subfield code="a">REROnoselfmerge</subfield></datafield><datafield ind1=" " ind2=" " tag="993"><subfield code="a">BFLA 52729</subfield><subfield code="x">ge/ules/a/91/712</subfield><subfield code="9">LOCAL</subfield></datafield></record>
</metadata></record>