<record><header><identifier>oai:alma.41SLSP_UGE:991000032419705502</identifier><datestamp>2023-03-04T01:16:24Z</datestamp><setSpec>uge_bcen_RapidILL_BOOK</setSpec><setSpec>uge_aaca_RapidILL_BOOK</setSpec><setSpec>uge_abels_RapidILL_BOOK</setSpec><setSpec>uge_dbu_RapidILL_BOOK</setSpec><setSpec>uge_cmu_RapidILL_BOOK</setSpec><setSpec>uge_mail_RapidILL_BOOK</setSpec><setSpec>uge_abbat_RapidILL_BOOK</setSpec><setSpec>UNIGE_ALL</setSpec><setSpec>uge_aobs_RapidILL_BOOK</setSpec><setSpec>uge_acar_RapidILL_BOOK</setSpec></header><metadata>
<record xmlns="http://www.loc.gov/MARC21/slim" xmlns:xsi="http://www.w3.org/2001/XMLSchema-instance" xsi:schemaLocation="http://www.loc.gov/MARC21/slim http://www.loc.gov/standards/marcxml/schema/MARC21slim.xsd"><leader>01796nam a2200409 c 4500</leader><controlfield tag="001">991000032419705502</controlfield><controlfield tag="005">20230303212435.0</controlfield><controlfield tag="008">151014s2015    xxu||||| |||| 00| ||eng d</controlfield><datafield ind1=" " ind2=" " tag="020"><subfield code="a">1118868943</subfield><subfield code="q">pbk.</subfield></datafield><datafield ind1=" " ind2=" " tag="020"><subfield code="a">9781118868942</subfield><subfield code="q">pbk.</subfield></datafield><datafield ind1=" " ind2=" " tag="035"><subfield code="a">(swissbib)122187369-41slsp_network</subfield></datafield><datafield ind1=" " ind2=" " tag="035"><subfield code="a">122187369</subfield><subfield code="9">ExL</subfield></datafield><datafield ind1=" " ind2=" " tag="035"><subfield code="a">(RERO)R008278584-41slsp</subfield></datafield><datafield ind1=" " ind2=" " tag="035"><subfield code="a">(EXLNZ-41SLSP_NETWORK)991107769969705501</subfield></datafield><datafield ind1=" " ind2=" " tag="040"><subfield code="a">DLC</subfield><subfield code="d">CH-ZuSLS</subfield></datafield><datafield ind1=" " ind2="0" tag="050"><subfield code="a">QD96.N8</subfield><subfield code="b">F54 2015</subfield></datafield><datafield ind1=" " ind2="7" tag="072"><subfield code="a">ch</subfield><subfield code="2">rero</subfield></datafield><datafield ind1="0" ind2="0" tag="082"><subfield code="a">543/.66</subfield><subfield code="2">23</subfield></datafield><datafield ind1="1" ind2=" " tag="100"><subfield code="a">Field, Leslie. D.</subfield><subfield code="d">19..-....</subfield><subfield code="0">(IDREF)034235590</subfield><subfield code="4">cre</subfield></datafield><datafield ind1="1" ind2="0" tag="245"><subfield code="a">Organic structures from 2D NMR spectra</subfield><subfield code="c">L.D. Field, H.L. Li and A.M. Magill</subfield></datafield><datafield ind1=" " ind2="1" tag="264"><subfield code="a">Chichester, West Sussex</subfield><subfield code="b">J. Wiley</subfield><subfield code="c">2015</subfield></datafield><datafield ind1=" " ind2=" " tag="300"><subfield code="a">XV, 310 p.</subfield><subfield code="c">30 cm</subfield></datafield><datafield ind1=" " ind2=" " tag="336"><subfield code="b">txt</subfield><subfield code="2">rdacontent</subfield></datafield><datafield ind1=" " ind2=" " tag="337"><subfield code="b">n</subfield><subfield code="2">rdamedia</subfield></datafield><datafield ind1=" " ind2=" " tag="338"><subfield code="b">nc</subfield><subfield code="2">rdacarrier</subfield></datafield><datafield ind1=" " ind2=" " tag="504"><subfield code="a">Includes bibliographical references and index</subfield></datafield><datafield ind1="0" ind2=" " tag="505"><subfield code="a">1. NMR spectroscopy basics -- 2. One-dimensional pulsed Fourier transform NMR spectroscopy -- 3. Two-dimensional NMR spectroscopy -- 4. Miscellaneous topics -- 5. Worked examples</subfield></datafield><datafield ind1=" " ind2=" " tag="580"><subfield code="a">A pour suppl.: Instructor's guide and solutions manual to &quot;Organic structures from 2D NMR spectra&quot;</subfield></datafield><datafield ind1=" " ind2="0" tag="650"><subfield code="a">Nuclear magnetic resonance spectroscopy</subfield></datafield><datafield ind1=" " ind2="0" tag="650"><subfield code="a">Spectrum Analysis</subfield></datafield><datafield ind1=" " ind2="7" tag="650"><subfield code="a">Résonance magnétique nucléaire</subfield><subfield code="0">(IDREF)027675009</subfield><subfield code="2">idref</subfield></datafield><datafield ind1=" " ind2="7" tag="650"><subfield code="a">Spectroscopie</subfield><subfield code="0">(IDREF)027716910</subfield><subfield code="2">idref</subfield></datafield><datafield ind1=" " ind2="7" tag="655"><subfield code="a">Manuels d'enseignement supérieur</subfield><subfield code="0">(IDREF)03020934X</subfield><subfield code="2">idref</subfield></datafield><datafield ind1="1" ind2=" " tag="700"><subfield code="a">Li, Hsiu Lin</subfield><subfield code="d">19..-....</subfield><subfield code="0">(IDREF)18865450X</subfield></datafield><datafield ind1="1" ind2=" " tag="700"><subfield code="a">Magill, Alison M.</subfield><subfield code="d">19..-....</subfield><subfield code="0">(IDREF)188655344</subfield></datafield><datafield ind1="0" ind2=" " tag="770"><subfield code="a">Field, L.D</subfield><subfield code="t">Instructor's guide and solutions manual to &quot;Organic structures from 2D NMR spectra&quot;</subfield><subfield code="w">(RERO)R008278566-41slsp</subfield></datafield><datafield ind1=" " ind2=" " tag="900"><subfield code="a">REROnoselfmerge</subfield></datafield><datafield ind1=" " ind2=" " tag="910"><subfield code="a">OCoLC</subfield><subfield code="b">20151014</subfield><subfield code="c">Droits réservés</subfield></datafield></record>
</metadata></record>