<record><header><identifier>oai:alma.41SLSP_UGE:991000032439705502</identifier><datestamp>2024-10-17T00:10:03Z</datestamp><setSpec>uge_bcen_RapidILL_BOOK</setSpec><setSpec>uge_aaca_RapidILL_BOOK</setSpec><setSpec>uge_abels_RapidILL_BOOK</setSpec><setSpec>uge_dbu_RapidILL_BOOK</setSpec><setSpec>uge_cmu_RapidILL_BOOK</setSpec><setSpec>uge_mail_RapidILL_BOOK</setSpec><setSpec>uge_abbat_RapidILL_BOOK</setSpec><setSpec>UNIGE_ALL</setSpec><setSpec>uge_aobs_RapidILL_BOOK</setSpec><setSpec>uge_acar_RapidILL_BOOK</setSpec></header><metadata>
<record xmlns="http://www.loc.gov/MARC21/slim" xmlns:xsi="http://www.w3.org/2001/XMLSchema-instance" xsi:schemaLocation="http://www.loc.gov/MARC21/slim http://www.loc.gov/standards/marcxml/schema/MARC21slim.xsd"><leader>01874nam a2200469 c 4500</leader><controlfield tag="001">991000032439705502</controlfield><controlfield tag="005">20241016185715.0</controlfield><controlfield tag="008">201012s1979    be ||||| |||| 01| ||fre d</controlfield><datafield ind1=" " ind2=" " tag="020"><subfield code="a">2800406976</subfield></datafield><datafield ind1=" " ind2=" " tag="035"><subfield code="a">(swissbib)238693309-41slsp_network</subfield></datafield><datafield ind1=" " ind2=" " tag="035"><subfield code="a">238693309</subfield><subfield code="9">ExL</subfield></datafield><datafield ind1=" " ind2=" " tag="035"><subfield code="a">(RERO)0270568-41slsp</subfield></datafield><datafield ind1=" " ind2=" " tag="035"><subfield code="a">(IDSBB)000222531DSV01</subfield></datafield><datafield ind1=" " ind2=" " tag="035"><subfield code="a">(NEBIS)003129146EBI01</subfield></datafield><datafield ind1=" " ind2=" " tag="035"><subfield code="a">(EXLNZ-41SLSP_NETWORK)991122397589705501</subfield></datafield><datafield ind1=" " ind2=" " tag="040"><subfield code="a">RERO</subfield><subfield code="d">CH-ZuSLS</subfield></datafield><datafield ind1=" " ind2="7" tag="072"><subfield code="a">th</subfield><subfield code="2">rero</subfield></datafield><datafield ind1=" " ind2="7" tag="072"><subfield code="a">th</subfield><subfield code="2">SzZuIDS BS/BE</subfield></datafield><datafield ind1="0" ind2="0" tag="082"><subfield code="a">270</subfield></datafield><datafield ind1="0" ind2="4" tag="082"><subfield code="a">230</subfield></datafield><datafield ind1="0" ind2="0" tag="245"><subfield code="a">Christianisme d'hier et d'aujourd'Hui</subfield><subfield code="b">hommages à Jean Préaux</subfield><subfield code="c">éd. par Guy Cambier</subfield></datafield><datafield ind1=" " ind2="1" tag="264"><subfield code="a">Bruxelles</subfield><subfield code="b">Ed. de l'Université de Bruxelles</subfield><subfield code="c">1979</subfield></datafield><datafield ind1=" " ind2=" " tag="300"><subfield code="a">160 p.</subfield><subfield code="b">fig.</subfield><subfield code="c">24 cm</subfield></datafield><datafield ind1=" " ind2=" " tag="336"><subfield code="b">txt</subfield><subfield code="2">rdacontent</subfield></datafield><datafield ind1=" " ind2=" " tag="337"><subfield code="b">n</subfield><subfield code="2">rdamedia</subfield></datafield><datafield ind1=" " ind2=" " tag="338"><subfield code="b">nc</subfield><subfield code="2">rdacarrier</subfield></datafield><datafield ind1="1" ind2=" " tag="490"><subfield code="a">Université libre de Bruxelles, Faculté de Philosophie et Lettres</subfield><subfield code="v">70</subfield></datafield><datafield ind1=" " ind2=" " tag="500"><subfield code="a">Enth.: Bibliographie des travaux de Jean Préaux (1946-1978)</subfield></datafield><datafield ind1="1" ind2="0" tag="600"><subfield code="a">Préaux, Jean</subfield></datafield><datafield ind1=" " ind2="7" tag="650"><subfield code="a">Christianisme</subfield><subfield code="0">(IDREF)027229955</subfield><subfield code="2">idref</subfield></datafield><datafield ind1=" " ind2="7" tag="650"><subfield code="a">3e siècle-20e siècle</subfield><subfield code="2">idref</subfield></datafield><datafield ind1=" " ind2="0" tag="650"><subfield code="a">Theology</subfield></datafield><datafield ind1=" " ind2="7" tag="655"><subfield code="a">[Études diverses]</subfield><subfield code="0">(RERO)A022249905</subfield><subfield code="2">rero</subfield></datafield><datafield ind1=" " ind2="7" tag="655"><subfield code="a">Festschrift</subfield><subfield code="2">gnd-content</subfield></datafield><datafield ind1=" " ind2=" " tag="690"><subfield code="a">Kirchengeschichte / Fest- und Gedenkschriften</subfield><subfield code="2">uzb-Z9</subfield></datafield><datafield ind1="1" ind2=" " tag="700"><subfield code="a">Cambier, Guy</subfield><subfield code="d">1934-1981</subfield><subfield code="0">(IDREF)027918645</subfield></datafield><datafield ind1="1" ind2=" " tag="700"><subfield code="a">Préaux, Jean</subfield><subfield code="d">1920-1978</subfield><subfield code="0">(DE-588)172314194</subfield><subfield code="6">880-03</subfield></datafield><datafield ind1="1" ind2=" " tag="880"><subfield code="6">700-03</subfield><subfield code="a">Préaux, Jean</subfield><subfield code="d">1920-1978</subfield><subfield code="0">(IDREF)033414602</subfield></datafield><datafield ind1=" " ind2=" " tag="830"><subfield code="a">Université libre de Bruxelles, Faculté de philosophie et lettres</subfield><subfield code="v">70</subfield><subfield code="w">(RERO)0020488-41slsp</subfield></datafield><datafield ind1=" " ind2=" " tag="830"><subfield code="a">Université libre de Bruxelles</subfield><subfield code="p">Faculté de philosophie et lettres</subfield><subfield code="v">70</subfield><subfield code="w">(IDSBB)000008527DSV01</subfield></datafield><datafield ind1=" " ind2=" " tag="830"><subfield code="a">Université Libre de Bruxelles</subfield><subfield code="p">Faculté de Philosophie et Lettres</subfield><subfield code="v">70</subfield><subfield code="w">(NEBIS)000986993EBI01</subfield></datafield><datafield ind1=" " ind2=" " tag="900"><subfield code="a">REROnoselfmerge</subfield></datafield><datafield ind1=" " ind2=" " tag="900"><subfield code="a">IDSZRMedeaZBZ</subfield></datafield></record>
</metadata></record>