<record><header><identifier>oai:alma.41SLSP_UGE:991000032229705502</identifier><datestamp>2023-03-06T01:09:36Z</datestamp><setSpec>uge_bcen_RapidILL_BOOK</setSpec><setSpec>uge_aaca_RapidILL_BOOK</setSpec><setSpec>uge_abels_RapidILL_BOOK</setSpec><setSpec>uge_dbu_RapidILL_BOOK</setSpec><setSpec>uge_cmu_RapidILL_BOOK</setSpec><setSpec>uge_mail_RapidILL_BOOK</setSpec><setSpec>uge_abbat_RapidILL_BOOK</setSpec><setSpec>UNIGE_ALL</setSpec><setSpec>uge_aobs_RapidILL_BOOK</setSpec><setSpec>uge_acar_RapidILL_BOOK</setSpec></header><metadata>
<record xmlns="http://www.loc.gov/MARC21/slim" xmlns:xsi="http://www.w3.org/2001/XMLSchema-instance" xsi:schemaLocation="http://www.loc.gov/MARC21/slim http://www.loc.gov/standards/marcxml/schema/MARC21slim.xsd"><leader>01371nam a2200313 c 4500</leader><controlfield tag="001">991000032229705502</controlfield><controlfield tag="005">20230305070011.0</controlfield><controlfield tag="008">850412s1984    fr ||||| |||| 00| ||fre d</controlfield><datafield ind1=" " ind2=" " tag="035"><subfield code="a">(swissbib)080008542-41slsp_network</subfield></datafield><datafield ind1=" " ind2=" " tag="035"><subfield code="a">080008542</subfield><subfield code="9">ExL</subfield></datafield><datafield ind1=" " ind2=" " tag="035"><subfield code="a">(RERO)0603298-41slsp</subfield></datafield><datafield ind1=" " ind2=" " tag="035"><subfield code="a">(EXLNZ-41SLSP_NETWORK)991063116299705501</subfield></datafield><datafield ind1=" " ind2=" " tag="040"><subfield code="a">RERO geulfr</subfield><subfield code="d">CH-ZuSLS</subfield></datafield><datafield ind1=" " ind2="7" tag="072"><subfield code="a">fm</subfield><subfield code="2">rero</subfield></datafield><datafield ind1="1" ind2=" " tag="100"><subfield code="a">Picoche, Jacqueline</subfield><subfield code="d">1928-....</subfield><subfield code="0">(IDREF)028740998</subfield><subfield code="4">cre</subfield></datafield><datafield ind1="1" ind2="0" tag="245"><subfield code="a">&lt;&lt;Le&gt;&gt; vocabulaire psychologique dans les Chroniques de Froissart</subfield><subfield code="c">Jacqueline Picoche.</subfield><subfield code="n">Vol. 2</subfield><subfield code="p">Le plaisir et la douleur / Jacqueline Picoche</subfield></datafield><datafield ind1=" " ind2="1" tag="264"><subfield code="a">Amiens</subfield><subfield code="b">Université de Picardie</subfield><subfield code="c">1984</subfield></datafield><datafield ind1=" " ind2=" " tag="300"><subfield code="a">426 p.</subfield><subfield code="c">21 cm</subfield></datafield><datafield ind1=" " ind2=" " tag="336"><subfield code="b">txt</subfield><subfield code="2">rdacontent</subfield></datafield><datafield ind1=" " ind2=" " tag="337"><subfield code="b">n</subfield><subfield code="2">rdamedia</subfield></datafield><datafield ind1=" " ind2=" " tag="338"><subfield code="b">nc</subfield><subfield code="2">rdacarrier</subfield></datafield><datafield ind1="1" ind2=" " tag="490"><subfield code="a">Publications du Centre d'études picardes de l'Université de Picardie</subfield><subfield code="v">21</subfield></datafield><datafield ind1="1" ind2="7" tag="600"><subfield code="a">Froissart, Jean</subfield><subfield code="d">1337?-1410?</subfield><subfield code="0">(IDREF)026875896</subfield><subfield code="2">idref</subfield></datafield><datafield ind1=" " ind2="7" tag="650"><subfield code="a">Vocabulaire</subfield><subfield code="0">(IDREF)027255255</subfield><subfield code="2">idref</subfield></datafield><datafield ind1=" " ind2="7" tag="650"><subfield code="a">Psychologie</subfield><subfield code="0">(IDREF)027346900</subfield><subfield code="2">idref</subfield></datafield><datafield ind1=" " ind2="7" tag="650"><subfield code="a">Plaisir</subfield><subfield code="0">(IDREF)027247228</subfield><subfield code="2">idref</subfield></datafield><datafield ind1=" " ind2="7" tag="650"><subfield code="a">Douleur</subfield><subfield code="0">(IDREF)027314650</subfield><subfield code="2">idref</subfield></datafield><datafield ind1=" " ind2=" " tag="830"><subfield code="a">Publications du Centre d'études picardes de l'Université de Picardie (Amiens)</subfield><subfield code="v">21</subfield><subfield code="w">(RERO)0200052-41slsp</subfield></datafield><datafield ind1="1" ind2=" " tag="800"><subfield code="a">Picoche, Jacqueline</subfield><subfield code="t">&lt;&lt;Le&gt;&gt; vocabulaire psychologique dans les Chroniques de Froissart</subfield><subfield code="v">2</subfield><subfield code="w">(RERO)0603290-41slsp</subfield></datafield><datafield ind1=" " ind2=" " tag="900"><subfield code="a">REROnoselfmerge</subfield></datafield></record>
</metadata></record>